2884 4660
652 361 849 430 ..18-

228 551 388 620 bendebar
419 585 462 600 -
490 551 564 632 ἐμοῦ
595 549 678 616 enim
711 549 830 617 assumi
859 548 990 632 jubetur
1018 583 1060 598 -
1087 551 1143 616 aut
1176 547 1296 631 mogon

229 655 489 740 interpretatione
512 671 573 736 qua
595 671 662 718 voc.
685 661 870 738 λελημμένης
890 653 932 720 ad
944 657 1024 740 δέρης
1039 651 1174 718 relatum
1190 651 1295 722 verbis

227 757 411 842 exprimitur
442 754 532 822 »colli
562 756 697 838 correpti
718 755 748 820 h.
773 775 799 822 a.
823 755 1019 835 constricti«,
1060 771 1185 820 omnem
1214 771 1295 837 quae

226 861 277 928 hio
311 866 414 927 exstat
445 856 661 925 dillionltatem
693 859 872 940 expeditam
901 863 996 941 atque
1024 857 1118 926 istam
1145 857 1296 924 librorum

226 965 413 1047 scripturam
435 963 512 1028 satis
543 965 750 1027 sustentatam
780 961 946 1028 eniedmas.
973 961 1068 1028 immo
1095 959 1296 1045 participium

230 1068 444 1152 quaerendum
467 1064 591 1132 videtur
614 1063 697 1147 quod
720 1069 753 1130 et
774 1071 848 1147 apte
870 1083 941 1132 cum
962 1064 1035 1153 πρὸς
1048 1068 1118 1149 litae
1134 1071 1296 1132 consume

227 1176 280 1238 ttrr
302 1175 334 1238 et
356 1169 578 1253 elegantiorem
599 1167 645 1234 ita
666 1167 782 1250 prodat
804 1167 1007 1248 sententiam,
1037 1167 1070 1234 id
1099 1167 1183 1252 qaod
1210 1168 1297 1252 eqni

228 1275 301 1342 dem
321 1273 498 1358 perpetrari
520 1277 597 1355 puto
620 1269 785 1340 scribendo

434 1460 547 1535 ruibale
569 1459 686 1528 ababa
707 1459 834 1547 σἐρτάνασ
855 1459 929 1544 iscipu
951 1463 1030 1548 δέρην

434 1567 540 1633 ἔλυσαν
560 1565 647 1632 ἄλλον
668 1563 742 1651 πρὸς
763 1564 835 1644 βίαν
855 1562 1007 1650 ἀνιεμένης

228 1771 289 1836 qua
311 1753 342 1817 in
366 1753 521 1834 scriptura
549 1751 614 1818 sive
646 1751 687 1818 ad
709 1751 780 1838 ἑμλητ
803 1756 883 1839 δέρης
905 1752 970 1818 sive
993 1749 1034 1817 ad
1056 1749 1129 1834 tuci
1152 1749 1235 1835 quod
1256 1767 1295 1816 ex

156 1859 160 1866 '
227 1856 412 1940 pronomine
433 1853 612 1938 possessivo
636 1851 706 1921 elici
726 1859 833 1937 potest
855 1853 951 1922 verba
967 1853 1040 1952 epla
1061 1858 1131 1940 βίην
1146 1855 1296 1938 ἀνειμένης

229 1956 350 2025 referre
371 1957 485 2038 mavis,
517 1961 609 2023 acute
632 1973 708 2024 sane
731 1975 769 2024 ao
792 1955 949 2024 subtiliter
971 1955 1054 2024 dicta
1077 1975 1115 2024 ea
1136 1955 1297 2024 invenien-

228 2067 293 2142 tur;
323 2079 396 2126 nam
417 2065 545 2145 praeter
568 2060 825 2126 consuetudinem
848 2065 943 2142 atque
966 2061 1143 2142 opinionem
1165 2077 1200 2126 re
1221 2076 1298 2125 vera

227 2165 278 2231 hle
300 2162 336 2231 lit
358 2170 393 2231 ut
413 2164 528 2231 invitus
551 2162 663 2248 aliquus
686 2165 861 2230 dimittatur
883 2162 1021 2230 solvatur
1042 2163 1200 2232 liberetur.

332 2267 383 2332 Ad
422 2266 650 2334 emendandam
684 2267 806 2334 stasiml
838 2265 892 2332 IV.
930 2266 1091 2350 stropham
1126 2265 1298 2335 secundam

229 2371 311 2454 quod
334 2369 616 2436 Rauchensteinius
640 2369 775 2435 correxit
796 2369 966 2454 πλησμονᾶς
986 2381 1045 2454 pro
1067 2368 1149 2453 vulg.
1164 2368 1299 2455 πημονᾶς

227 2470 419 2555 permultum
447 2469 544 2538 habet
572 2471 858 2538 commendationis.
890 2479 1056 2553 praeterea
1082 2471 1151 2554 ipsa
1171 2477 1298 2538 senoen·

227 2577 342 2641 tlarum
368 2574 597 2659 verborumque
624 2580 781 2641 stmctura
809 2575 843 2642 id
873 2573 955 2640 effici
976 2575 1099 2641 ridetur
1127 2579 1163 2640 ut
1191 2575 1224 2640 in
1246 2591 1297 2640 se·

231 2677 398 2761 quentibus
421 2679 461 2760 (v.
486 2679 561 2761 979)
584 2676 683 2747 πολλαί
709 2679 773 2746 r'dv
794 2678 826 2742 in
849 2679 946 2746 πολλὰ
970 2675 1036 2744 dai
1054 2677 1297 2762 (immo-potius)

133 2769 141 2796 ¹
226 2780 454 2848 immutandum
490 2781 539 2848 eit
565 2805 609 2830 e-
637 2781 718 2847 Item
746 2799 774 2846 v.
808 2779 891 2847 1400
926 2779 1100 2863 expeditior
1135 2780 1298 2862 magisque

226 2883 386 2967 profluens
416 2882 528 2958 evadit,
551 2883 618 2949 sirie
648 2882 742 2948 dubio
771 2884 884 2965 oratio,
913 2883 939 2949 ai
966 2883 981 2951 δ
1004 2879 1067 2951 dab
1097 2883 1298 2951 substituitur

227 3004 285 3068 pro
307 2984 459 3050 librorum
481 2984 637 3067 scriptura
659 2992 754 3052 κεῖται
776 2996 856 3068 quae
878 2985 941 3051 iam
962 2984 1033 3052 ideo
1056 2985 1122 3051 vitii
1149 2983 1297 3068 suspitio-

227 3095 300 3153 nem
333 3105 460 3152 movere
491 3085 639 3165 debebat,
670 3086 753 3170 quod
776 3087 876 3154 omnis
904 3086 994 3154 deest
1023 3085 1106 3154 inter
1130 3092 1296 3167 utramque

229 3190 416 3256 sententiam
439 3190 599 3270 copulatio·
617 3207 654 3254 ac
674 3190 841 3269 transitus,
872 3190 934 3258 nisi
955 3188 1038 3256 forte
1064 3195 1137 3257 ante
1159 3209 1187 3256 v.
1210 3189 1296 3254 1400

229 3291 324 3356 ulium
346 3290 510 3358 arbitraris
533 3291 686 3358 excidisse
709 3310 843 3357 versum.
888 3292 971 3374 quod
998 3298 1103 3360 autom
1127 3309 1198 3358 eum
1220 3285 1297 3356 mlhl

227 3393 458 3476 reprobandum
480 3394 657 3471 videretur,
683 3393 813 3458 minutis
836 3393 954 3478 aliquot
975 3393 1198 3462 mutationibus
1219 3405 1297 3458 nsua

228 3503 329 3564 totum
351 3495 455 3564 locum
477 3497 572 3564 ulem
593 3497 626 3561 in
647 3496 775 3562 modum
798 3496 1023 3565 transformare
1046 3496 1143 3564 sedus
1165 3495 1251 3564 duxi:

384 3624 465 3710 οὗτος
486 3634 543 3721 γὰρ
569 3632 639 3722 ἡμῖν
660 3634 750 3710 ἀσπὶς
771 3636 805 3704 σύ
826 3630 916 3723 μικροὶ
938 3633 1077 3722 θράσσνε·

384 3735 398 3806 ὅ
420 3734 494 3813 dari,
517 3737 652 3819 γυναικὸς
673 3738 755 3825 τῆσδε
777 3739 977 3827 λνμαντὴριεν,

384 3843 550 3930 Χρυσηίδων
571 3849 716 3925 μείλιγμα
738 3842 795 3910 τῶν
817 3842 865 3910 ὑπ’
888 3843 977 3929 Ἰλίῳ,

385 3941 401 4031 ἦ
424 3946 448 4012 τ’
473 3945 670 4029 αἰχμάλωτος
692 3944 742 4027 ἥδε
764 3951 817 4028 app*
839 3947 1017 4033 τερασκόπος

385 4061 438 4129 m
462 4050 656 4138 κοενὸλεκσρνς
677 4049 760 4118 rodda
782 4052 1010 4135 θεσφατηλόγος

383 4152 473 4239 πιστὴ
495 4155 636 4230 formata,
658 4157 853 4224 ambulat
875 4152 1031 4235 σελμάτων

385 4258 527 4344 ε’σοσριβης
549 4293 592 4306 -·
613 4259 707 4341 εἴημέν
731 4257 755 4339 γ’
782 4256 833 4324 οὐκ
855 4256 1034 4344 ἐπραξάτην·
