2884 4660
593 323 807 394 ...21-

164 511 421 582 commentariola
450 513 527 578 eatis
551 517 675 580 constat
696 531 757 578 non
788 513 888 579 solum
910 511 1112 596 neglegenter
1134 529 1153 576 a
1173 511 1231 577 lib-

164 617 255 684 rariis
277 617 450 700 derupta,
473 616 530 684 sed
552 615 647 684 eham
670 635 728 701 pro
750 617 874 684 illorum
897 616 1025 682 arbitrio
1046 615 1231 698 inscitiaque

165 739 236 788 esee
266 722 437 786 immutata.
467 721 550 803 quod
583 721 644 788 hoc
678 720 747 786 loco
768 739 840 786 ‘ueu
866 721 990 786 venisse
1015 719 1170 786 arbitrans
1199 718 1232 784 in

106 891 108 896 ,
164 823 389 906 antiquioribus
410 822 498 890 libris
527 824 840 904 interpretamentum
869 824 909 888 ad
932 825 977 890 ἐτ’
1004 824 1155 907 obtabile
1177 820 1231 886 ad-

166 927 318 1007 tenplum
346 925 443 993 nosse
471 927 613 1008 auspicor
645 926 813 992 masmelli:
845 925 915 1002 aiere
951 926 993 1015 μὴ
1021 928 1053 994 οὐ
1080 924 1231 1012 βλαβῆναι

166 1030 207 1114 (b.
238 1047 262 1094 e.
291 1047 354 1094 non
382 1029 511 1112 impune
537 1031 570 1096 id
596 1027 664 1096 fieri
693 1047 805 1111 passus
838 1035 888 1096 est
913 1030 1003 1112 Iup.)·
1036 1030 1231 1117 ἐκεραὺνασςν

163 1136 220 1222 γὰρ
254 1134 306 1204 τὸν
338 1133 524 1226 'Anthemio
560 1133 764 1220 ἄναστὴσαντα
798 1133 849 1202 τὸν
890 1131 1076 1210 Ἱππόλυτον,
1120 1137 1231 1214 postea

162 1241 268 1302 autem
291 1254 363 1302 cum
380 1235 461 1316 ipsis
482 1241 596 1317 poetae
618 1235 724 1302 verbis
746 1236 778 1300 in
800 1239 1031 1302 monstruosam
1053 1251 1230 1318 quaenunt

163 1339 329 1406 exhibetur
345 1337 489 1406 ,formam
518 1340 642 1406 abiisse.
671 1342 734 1405 iarn
762 1359 835 1406 vero
865 1339 905 1404 ad
935 1339 1121 1422 explendam
1143 1337 1230 1404 illam

164 1460 244 1528 quae
272 1447 345 1524 post
381 1442 456 1518 Ζευς
489 1443 608 1510 euetitit
636 1443 780 1510 lacunam
809 1461 884 1509 num
912 1441 1015 1510 ionice
1042 1441 1144 1508 forma
1167 1439 1226 1510 iio'

163 1545 209 1612 uti
230 1544 324 1612 liceat
345 1547 377 1610 in
400 1547 503 1613 medio
525 1546 729 1630 relinqeretur.

265 1647 303 1714 ln
336 1668 429 1716 versu
467 1654 547 1716 1102
586 1652 639 1732 qui
672 1651 704 1716 in
741 1651 830 1716 codd.
865 1649 947 1716 Med.
980 1654 1012 1714 et
1048 1647 1149 1715 Gueli.
1185 1649 1230 1714 ita

162 1753 297 1836 scriptus
329 1758 445 1820 exstat:
490 1755 642 1841 ἀκόρεστος
666 1754 750 1839 {latire
776 1755 873 1840 (βοᾷς)
903 1754 962 1836 φεῦ
987 1752 1134 1829 ταλανννῖι,Ι
1162 1756 1228 1838 (τα-

135 1855 312 1934 tebant,
341 1859 495 1941 ταλαίνας)
523 1862 634 1945 operto,
663 1858 848 1924 vocabulum
875 1857 936 1940 φεῦ
964 1874 1116 1940 perquam
1147 1855 1228 1922 male

55 2021 65 2028 .
161 1959 223 2025 buc
246 1959 362 2026 cadens
384 1977 421 2026 eo
445 1959 574 2028 oonsilio
600 1960 798 2028 interiectum
827 1964 972 2046 apparet,
1004 1965 1039 2025 ut
1068 1958 1107 2027 od
1136 1957 1228 2024 metri

161 2079 304 2128 normam
343 2081 453 2130 versus
491 2062 545 2130 ille
585 2063 765 2146 strophioue
800 2061 1090 2130 accommodaretur
1123 2063 1228 2129 versui

161 2166 387 2249 anbetmphico
410 2168 462 2250 qui
485 2166 552 2233 sine
574 2166 638 2232 ulla
661 2166 871 2249 discrepantia
893 2167 937 2232 eic
950 2166 1083 2249 scriptus
1098 2164 1226 2246 legitur:

162 2276 337 2349 μελοτυπεῖς
366 2267 436 2350 ὁμοῦ
457 2272 481 2336 τ’
506 2273 613 2358 ὀρθίοις
636 2278 668 2339 ἐν
696 2271 792 2352 νόμως
817 2289 918 2354 neque
946 2271 973 2335 is
1003 2275 1109 2335 tamen
1141 2274 1227 2336 recte

164 2386 198 2434 se
220 2368 348 2434 habene.
372 2387 409 2436 ac
430 2370 564 2452 primum
589 2373 714 2456 quidem
737 2373 819 2456 quod
842 2373 882 2440 ad
904 2373 1008 2438 locum
1026 2372 1227 2455 strophicum,

163 2472 189 2537 ei
213 2475 245 2538 et
267 2471 409 2536 codicum
432 2474 601 2540 memoriae
624 2477 670 2540 vie
702 2475 881 2542 satisfacere
909 2481 941 2541 et
967 2475 1137 2541 concinnae
1158 2493 1227 2540 ver·

161 2575 273 2640 borum
295 2575 524 2658 compositioni,
547 2577 633 2644 bend
655 2578 719 2644 scio
742 2597 782 2645 an
804 2580 849 2646 ita
872 2579 1037 2646 scribendo
1060 2577 1101 2644 ed
1121 2577 1226 2660 prieti·
1297 2619 1303 2626 -

160 2695 235 2744 uem
256 2679 471 2764 integritatem
493 2700 565 2748 eum
587 2684 798 2750 revocaveris:

675 2837 720 2905 οἶα
741 2867 785 2916 τις
807 2839 905 2916 ξανθαὶ

416 2942 560 3030 &nepetae
582 2940 656 3030 βοᾷ,
678 2947 830 3020 ταλαίναις
853 2946 955 3030 (ζρεσῖν
989 2951 994 2962 '

410 3049 493 3112 Ἴτυν
509 3049 591 3114 Ἴτυν
613 3047 751 3124 creoceo,
773 3046 940 3130 αμφιθαλῦ
962 3051 1061 3123 κακοῖν·

416 3148 511 3234 ἀηδῶν
533 3152 604 3232 βίον.

157 3295 273 3363 etenim
295 3297 439 3386 ἁκορέτνς
467 3302 523 3384 βοᾷ
554 3301 718 3370 vetustiori
751 3303 891 3370 adbibita
924 3304 1147 3388 orthographia
1179 3308 1225 3374 alo
1359 3296 1363 3304 ’

157 3403 228 3486 eret
257 3398 408 3486 scriptum
430 3402 772 3484 ΑΚΟΡΕΤΟΟΒΟΑΙ,
802 3408 852 3472 oui
879 3407 1046 3491 posteriori
1074 3407 1224 3474 vocabulo
1351 3400 1356 3406 ’

157 3500 257 3580 sigma
289 3505 548 3586 superscriptum,
582 3524 643 3589 quo
675 3507 795 3574 scilicet
828 3508 1058 3593 significaretur
1090 3513 1223 3599 ἀκόρετος

153 3601 227 3682 βοαῖς
238 3605 437 3672 scribendum
450 3627 528 3688 esee,
552 3627 624 3675 mox
639 3625 737 3692 prava
750 3629 788 3677 ex
809 3612 1024 3696 intellegentia
1045 3614 1221 3698 verborum,

154 3707 315 3787 tamquam
337 3728 363 3773 v.
386 3714 454 3792 βται
477 3730 548 3777 eum
570 3714 665 3780 verbo
688 3718 785 3801 θροεῖς
816 3717 901 3798 quod
922 3715 1027 3798 paullo
1050 3722 1122 3782 ante
1144 3718 1220 3802 legi-

152 3812 205 3873 tur
234 3813 401 3894 exaequari
431 3814 573 3895 deberet,
603 3818 635 3882 in
663 3815 797 3886 formem
827 3821 900 3906 βοᾷς
927 3837 997 3884 oum
1027 3839 1064 3887 eo
1096 3822 1219 3887 coaluit.

153 3912 280 3977 -iam
309 3919 345 3979 ut
371 3916 537 3986 adlocuta
564 3920 825 4000 antistropbicum
852 3929 1062 4002 transeamue‚
1092 3929 1219 4006 poetam

152 4031 200 4076 vv.
215 4015 295 4082 1111
312 4023 344 4084 et
361 4021 452 4100 1112,
475 4041 515 4087 ne
537 4023 648 4104 longus
672 4024 743 4103 sim,
766 4027 816 4092 ite·
828 4028 963 4094 edidisse
976 4028 1141 4111 probabile
1157 4037 1218 4098 eet:

398 4129 432 4192 ri
449 4127 470 4190 δ’
474 4130 610 4208 ἐπίφοβα
633 4133 773 4214 §voearet
797 4131 915 4216 occepi

397 4234 572 4306 μελοτυτειξ
593 4229 646 4296 συν
669 4231 805 4315 &trau
827 4257 943 4315 νομυτςς
