2884 4660
677 329 869 400 ..g-

243 520 326 586 unde
355 520 395 586 cb
423 519 536 586 inscita
563 533 658 584 manu
688 517 741 584 ille
771 523 820 586 est
842 518 990 584 extremis
1012 523 1176 601 praeconis
1199 519 1303 590 verbis

243 623 454 706 agglutinatus
476 622 678 690 reiiciendum
700 639 854 688 censeam
904 623 1027 690 accedit
1049 627 1134 706 quod
1155 634 1188 694 et
1209 645 1302 698 versu

241 727 448 796 antecedente
479 731 541 792 414
571 727 655 792 iusto
684 725 777 792 modo
805 727 868 792 ianr
896 727 1016 794 absolui
1033 733 1206 810 -prsecouis
1235 751 1303 800 orc-

241 829 359 896 tionem
373 829 498 896 ec-vel
511 827 597 894 nulla
612 848 720 896 eorum
736 847 816 910 quae
837 830 929 898 modo
948 831 1175 913 disputavimus
1195 835 1303 902 habita

241 934 557 1015 ratione-perquam
579 931 649 998 laxe
671 933 829 1015 prioribus
852 953 921 1001 esse
944 951 1117 1015 annexum,
1137 953 1178 1004 ne
1200 939 1302 1006 dicam

241 1053 370 1122 prorsus
392 1037 574 1120 languidum
602 1037 751 1119 subsequi
779 1038 867 1104 illurn
889 1039 928 1105 de
950 1058 1012 1122 quc
1034 1040 1155 1122 egimus
1176 1061 1302 1108 uersum

240 1145 292 1209 vin
314 1144 477 1226 quisquam
498 1140 626 1208 infitiari
647 1147 761 1224 potest.
806 1149 946 1210 ceterum
970 1145 1048 1212 sctis
1070 1151 1119 1212 est
1139 1144 1301 1228 probabile

240 1247 337 1312 nihilo
368 1247 469 1314 secius
499 1265 570 1314 eum
599 1245 806 1329 Aeschyleum
835 1265 904 1314 esse
934 1248 1049 1330 quippe
1078 1267 1116 1314 ex
1143 1248 1205 1316 clia
1225 1267 1300 1331 quc·

239 1351 312 1418 dam
343 1352 412 1434 eJus
442 1349 562 1430 fabule,
590 1355 627 1416 ut
654 1369 781 1418 versum
811 1356 873 1416 514
895 1351 1093 1434 aliquetenus
1121 1353 1300 1432 illustraret

240 1454 468 1536 depromptum.

342 1557 463 1624 Eodem
491 1557 557 1624 iere
586 1557 681 1624 modo
710 1558 810 1641 ipsius
831 1557 879 1624 rei
899 1558 1091 1639 perversitas
1114 1559 1302 1626 sententiae·

239 1681 299 1744 que
328 1662 554 1728 inconcinnitas
583 1679 709 1727 versum
744 1665 825 1728 1568
856 1681 875 1727 a
903 1667 1013 1728 nostra
1040 1661 1167 1744 quidem
1196 1661 1302 1728 fabula

239 1766 464 1832 alienissimum
499 1784 630 1848 eamque
667 1766 706 1832 ob
737 1784 864 1831 causam
892 1767 1033 1848 spurium
1067 1767 1205 1834 denotat
1264 1784 1302 1832 cc

238 1869 375 1950 primum
398 1869 523 1950 quidem
548 1867 784 1936 Schneidewino
806 1870 838 1932 in
860 1869 906 1936 cis
935 1886 1124 1952 magnopere
1146 1852 1303 1936 assentior

240 1989 319 2054 quae
348 1972 387 2038 de
415 1991 562 2038 versuum
593 1976 804 2038 leet-1570
833 1972 1081 2041 emendatione'
1072 1989 1106 2036 m
1128 1970 1303 2054 appendice

238 2074 369 2158 protulit
395 2094 425 2157 p.
454 2079 530 2155 247,
560 2081 691 2158 excepto
722 2081 827 2142 tamen
856 2076 940 2157 quod
969 2093 1079 2142 versus
1108 2075 1168 2142 iste
1188 2090 1301 2156 parum

233 2179 373 2247 babebat
359 2180 477 2260 tapud
493 2199 563 2246 eum
580 2179 770 2246 offensionis.
814 2179 990 2246 Plisthenes
1006 2181 1098 2260 enirn,
1121 2185 1158 2246 ut
1171 2180 1300 2246 Tretres

238 2282 413 2368 (Exeges.
404 2302 437 2348 m
458 2283 494 2348 Il.
516 2302 547 2366 p
562 2287 612 2366 68,
636 2288 692 2363 20;
717 2283 788 2349 vide
801 2282 934 2350 Hesiodi
946 2282 1004 2366 frg.
1023 2288 1081 2349 105
1106 2283 1152 2350 cd
1170 2283 1315 2367 coetu).

238 2388 406 2455 memoriae
428 2388 573 2470 prodidit
596 2390 667 2457 καθ’
700 2387 830 2457 ‘ch‘cdoa
860 2391 911 2456 aar*
941 2390 1099 2473 Alexim
1120 2389 1172 2456 nal
1192 2387 1299 2464 ἄλλους

237 2491 317 2570 τινας
345 2493 475 2580 Ἀτρέως
500 2489 583 2558 filius
606 2499 693 2572 erat,
724 2497 926 2570 illecebratus
956 2500 988 2561 δὲ
1014 2495 1217 2576 Ἀγαμέμνων
1248 2492 1301 2560 2²⁶⁴

237 2601 315 2664 Mers
308 2604 397 2672 &aare
419 2596 472 2677 qui
493 2603 557 2664 νέου
580 2601 779 2674 Πλεισθένους
796 2595 1048 2686 relevrr'qcacruc
1031 2596 1088 2666 cred
1105 2623 1156 2664 reo
1171 2594 1298 2664 πάππον

250 2707 365 2789 Ατρέως
397 2703 616 2790 ἄνατριιφέντες
645 2705 765 2791 'Arpsi'd
765 2731 796 2770 at
833 2709 953 2780 aeltric
984 2711 1055 2785 ἑνομ
1058 2699 1157 2789 ἵζοντο.
1217 2701 1300 2768 valet

236 2805 330 2886 igitur
351 2807 602 2888 patronymicum
624 2809 835 2876 litere-testim
857 2827 919 2890 quo
942 2807 1115 2891 Aeschylus
1137 2807 1170 2870 in
1191 2808 1299 2870 nostra

235 2905 342 2975 iabulc
362 2927 438 2976 usus
460 2913 510 2976 est
529 2929 558 2976 u.
583 2913 664 3008 1531>
687 2911 771 2976 idem
794 2910 878 2992 quod
898 2914 1047 2999 'Asprum
1069 2915 1164 2991 etque
1186 2908 1296 2974 eadem

235 3011 356 3078 ratione
387 3011 516 3080 Orestes
547 3015 688 3096 βασιλεὺς
717 3017 931 3102 [lucubratae
957 3014 1133 3098 appellatur
1161 3009 1298 3080 cStesi·

236 3115 332 3183 chcro
352 3114 412 3199 irg.
435 3121 475 3183 42
499 3117 547 3184 ed.
569 3119 687 3200 Brgk..
703 3119 776 3184 inde
799 3117 932 3185 efficitur
953 3125 1061 3186 nosue
1084 3135 1207 3202 quoque
1228 3114 1296 3181 loco

235 3221 339 3287 verbis
368 3220 428 3290 πᾶν
458 3222 492 3292 τὸ
524 3225 725 3298 Πλεισθένους
756 3230 837 3306 γένος
867 3241 931 3289 non
962 3225 1140 3290 universam
1173 3216 1297 3298 Pelopis

235 3325 371 3409 domum,
394 3327 451 3393 sed
473 3327 561 3395 Atrei
584 3328 681 3394 solius
702 3329 885 3411 progeniem
907 3326 1085 3411 significari.
1136 3325 1199 3389 iam
1222 3340 1295 3390 vero

234 3432 389 3512 quomodo
411 3429 608 3498 manifestum
631 3448 711 3513 quae
726 3432 800 3498 inde
822 3433 944 3500 exsistit
966 3429 1182 3497 difficultatem
1204 3445 1296 3510 expe·

234 3533 301 3600 dire
322 3535 426 3617 placet
447 3536 696 3618 interpretibus?
742 3555 867 3603 versum
894 3522 985 3602 1570x
997 3533 1087 3612 οὕτως
1108 3533 1167 3619 (sic
1188 3533 1294 3618 uulgo;

234 3637 349 3705 rectius
378 3657 448 3705 curn
478 3638 649 3706 Schneidw.
677 3639 772 3729 αἰψ’)
800 3643 926 3710 ὀλέσθαι
948 3638 1009 3707 πᾶν
1029 3640 1063 3708 τὸ
1096 3642 1296 3715 illaec-idoque

234 3749 316 3824 ploos
347 3743 392 3807 ita
424 3743 570 3826 subiungi
602 3744 759 3824 prioribus
789 3744 894 3810 verbis
921 3739 1078 3810 affirmant
1100 3743 1293 3821 adnotantes,

233 3852 270 3910 ut
291 3847 467 3912 accuratius
489 3865 528 3913 ec
550 3845 745 3914 definiantur.
779 3846 932 3914 eiusmodi
945 3847 1043 3931 igitur
1055 3848 1293 3929 ancuperlopus

234 3954 283 4015 est
303 3947 464 4015 latebram.
517 3954 551 4015 at
580 3955 705 4032 poetam
727 3951 839 4016 ideone
860 3949 941 4017 falsa
961 3950 1176 4033 praemisisse,
1205 3947 1294 4022 utin

233 4052 435 4134 sequentibus
458 4053 627 4120 substituat
648 4053 744 4120 vera?
793 4059 887 4135 atquc
917 4054 1081 4135 scripsisse
1111 4071 1182 4119 eum
1209 4053 1293 4135 quic·

177 4218 180 4226 .
233 4173 327 4238 quam
349 4155 448 4239 quod,
482 4158 510 4223 si
543 4157 739 4240 scripsisset,
773 4162 807 4222 et
837 4158 936 4238 ipsius
969 4157 1133 4224 consilium
1167 4156 1291 4222 omnino

234 4265 432 4328 converteret
458 4279 496 4329 cc
521 4263 724 4345 detorqueret
753 4267 786 4328 et
806 4262 1001 4330 audientium
1023 4265 1144 4330 animos
1165 4263 1198 4328 in
1221 4275 1292 4326 con·

1398 4007 1401 4098 l
