2884 4660
450 352 775 453 ,Ἥμ-

151 617 195 630 --
217 584 249 644 et
270 575 303 643 id
325 575 450 658 quidem
471 579 566 653 recta,
589 574 616 642 si
639 593 748 641 eorum
771 575 960 640 contrarium
980 573 1112 656 respicis
1127 573 1212 656 quod

152 687 201 750 est
221 681 371 768 ὑποκαίειν
394 717 435 730 -
448 679 480 745 in
503 680 644 761 margine
670 679 806 760 primum
828 677 923 744 luerit
944 677 1116 758 adscripto,
1139 682 1213 761 post

152 790 265 866 autem
279 788 315 850 ut
330 784 513 866 saepissime
525 802 584 850 usu
600 783 725 850 venisse
741 787 873 862 constat,
894 803 914 848 a
927 783 1095 849 recentiori
1106 781 1212 865 aliqua

152 906 246 954 manu
276 887 317 954 ad
345 891 586 968 anapaestorom
614 904 778 952 numerum
811 891 960 968 quantuni
989 884 1058 952 fieri
1087 877 1234 968 poterat¹

151 991 278 1056 redacte
304 989 337 1055 in
367 989 516 1056 orationis
545 989 811 1056 continuationem
843 989 1044 1056 insereretur.
1098 989 1211 1071 quihus

151 1093 246 1175 igitur
267 1093 398 1160 subletis
420 1111 545 1160 versum
573 1097 803 1160 monometrum
834 1093 899 1162 odra
926 1098 1054 1181 δακρύων
1082 1111 1211 1174 recupe-

148 1215 256 1263 ramus
288 1215 350 1280 quo
379 1197 520 1289 verdhus
549 1202 599 1276 46,
630 1202 679 1275 53,
709 1201 750 1262 58
780 1196 901 1264 collatis
929 1217 968 1264 eo
998 1197 1123 1280 aegrius
1150 1198 1211 1264 hoc

149 1306 391 1384 anapaestorum
423 1307 560 1384 systema
593 1303 654 1384 (vv.
680 1303 820 1386 57...71)
854 1305 960 1384 potest
990 1319 1114 1380 cerere,
1149 1319 1209 1382 quo

149 1405 285 1485 graviori
308 1423 378 1470 curn
401 1406 430 1469 vi
452 1416 562 1471 versus
585 1405 779 1487 subsequens
802 1406 855 1488 qui
868 1406 983 1472 dicitur
996 1405 1210 1488 paroemiacus

150 1507 236 1596 ὃμνιὶς
258 1487 367 1584 drach
389 1511 575 1598 παραθέλξει
600 1515 633 1576 et
654 1511 881 1576 sententiarum
903 1529 1017 1578 nexum
1046 1509 1212 1592 distinguit

150 1615 182 1677 et
203 1607 404 1677 numerorum
427 1613 546 1678 dirimit
567 1614 689 1680 seriem
713 1613 807 1680 aliam
827 1612 1013 1679 restituendi
1035 1612 1128 1678 huius
1148 1612 1210 1678 loci

148 1715 302 1782 rationem
325 1715 362 1781 G.
385 1717 585 1784 Hermannus
608 1725 734 1784 secutus
760 1724 886 1800 poetam
908 1717 983 1784 iecit
1005 1716 1209 1784 scribentem:

149 1818 213 1886 αὔθ’
237 1817 404 1888 &alatus
426 1823 491 1889 οὔθ’
514 1821 678 1906 ὑπολείβων
699 1824 817 1911 ἀπύρων
840 1832 889 1911 inp.
905 1823 969 1912 xo’pp
992 1823 1039 1890 ἆτ’.
1063 1851 1132 1910 παρ.

250 1921 331 1988 Item
360 1924 392 1988 in
418 1923 538 1990 stasimi
569 1927 662 2007 primi
693 1928 794 2008 epodo
824 1945 903 2008 quae
934 1926 1083 2008 leguntur
1113 1925 1210 1991 verba

147 2024 256 2093 τούτων
287 2029 369 2096 oet'rci'
392 2027 530 2112 ἔν’μβολιι
560 2028 662 2117 κρᾶναι
693 2031 769 2114 (var.
800 2030 870 2096 lect.
902 2030 1015 2117 κρὲἕναι)
1029 2057 1031 2064 ·
1047 2030 1127 2107 δεξιαὶ
1153 2031 1209 2110 μὲν

148 2128 338 2213 νιατᾶμαμφα
349 2133 380 2198 δὲ
394 2133 542 2215 φάσματα
550 2133 700 2221 orpora-iola
711 2133 904 2218 (o.Med.)nil
915 2134 975 2200 nisi
983 2131 1083 2198 futihs
1092 2134 1207 2214 partim

148 2251 187 2297 ex
208 2235 351 2314 genuinis
364 2241 477 2316 poetae
491 2237 595 2303 verbis
607 2239 723 2320 partim
738 2257 777 2304 ex
789 2238 955 2318 discerptis
969 2237 1063 2302 variis
1077 2242 1109 2302 et
1124 2235 1208 2320 glos-

149 2353 254 2400 sarum
288 2343 321 2402 et
351 2338 538 2405 scholiorum
554 2341 716 2422 particulis
739 2342 807 2408 sinc
828 2360 924 2409 seusu
947 2341 1112 2408 commixta
1134 2360 1207 2406 cou-

150 2437 252 2519 genes
280 2459 349 2505 esse
377 2439 468 2508 facile
490 2449 709 2524 coarguuntur.
733 2446 848 2512 etenim
870 2462 1024 2526 ponamus
1050 2445 1207 2525 antiquius

149 2541 306 2609 exstitisse
335 2543 474 2611 scholion
503 2547 558 2611 teli
578 2545 643 2612 lere
666 2550 758 2614 modo
781 2553 981 2631 conceptum:
1003 2547 1111 2616 τούτων
1133 2554 1214 2616 αἰτεῖ

148 2645 292 2731 (Calchas
307 2648 464 2735 videlicet)
477 2649 613 2736 ἔύμβιλα
625 2653 737 2741 (Sappho
747 2659 822 2734 puto
834 2654 998 2741 αἰγρινὸμαν
1012 2653 1065 2734 qui
1080 2665 1209 2734 praece*

148 2749 226 2816 dunt
233 2753 322 2834 signa
331 2759 521 2842 sportellis)
532 2757 633 2846 αμέἱναι
645 2759 706 2848 ἤτοι
716 2767 844 2836 τελέσαι,
857 2760 923 2828 ἀντὶ
932 2760 983 2828 τοι)
996 2757 1088 2842 φάναι
1105 2767 1207 2827 τελεσ-

147 2851 250 2939 θῆναι
272 2859 451 2938 atqueinde
475 2860 599 2926 demum
621 2879 784 2930 emanasse
812 2869 978 2944 utrumque
1000 2862 1084 2944 quod
1105 2867 1207 2928 exstat

148 2954 317 3024 etiamnum
340 2961 480 3029 scholion
503 2970 535 3030 et
562 2966 677 3032 codicis
700 2967 782 3033 Med.
804 2966 897 3049 plane
919 2967 1144 3034 deformatum:
1166 2967 1205 3034 ναὶ

146 3055 283 3138 σύμβολα
301 3067 426 3147 αι’τιῒμε
441 3069 536 3148 Φάναι
550 3069 685 3154 (Dindrf.
701 3072 748 3137 ed.
764 3076 782 3135 3
797 3070 856 3156 plf.
866 3089 895 3152 p.
904 3071 978 3136 XLI
991 3072 1091 3159 αρίιναι
1114 3071 1206 3155 corr.)

146 3163 220 3230 μαλ’.
243 3167 277 3228 et
304 3166 419 3232 codicis
446 3172 552 3238 Fam:
596 3183 714 3243 τελέσαι
740 3176 804 3243 ἀντὶ
828 3173 880 3244 rar:
908 3174 1001 3257 φαναι
1028 3173 1205 3264 τελεσθῆναι

144 3267 251 3335 nescio
278 3287 318 3334 an
340 3277 426 3337 recte
448 3278 517 3356 quis
540 3279 730 3361 suspicetur3
753 3280 803 3348 lac
825 3279 937 3347 deinde
959 3280 1046 3347 verbi
1067 3280 1204 3363 ξύμβολα
1328 3339 1332 3352 ,

145 3370 320 3454 explicandi
346 3391 440 3442 cauea
468 3397 534 3444 voc.
567 3383 714 3466 φάσματα
741 3385 835 3469 idque
866 3403 904 3452 ex
925 3404 952 3449 v.
978 3383 1039 3451 259
1068 3383 1204 3451 fortasse

143 3475 289 3542 haustum
317 3477 414 3546 fuisse
437 3482 642 3567 adscriptum
671 3507 765 3570 porro
794 3489 964 3571 genitivum
992 3489 1142 3577 στρουθῶν
1164 3489 1203 3554 ab

143 3580 204 3646 clio
226 3601 325 3663 eoque
346 3588 514 3653 recentiori
535 3590 708 3672 interprete
720 3611 802 3674 pone
818 3610 855 3659 eo
870 3593 1030 3660 intellectu
1043 3592 1203 3674 appictum

143 3682 184 3746 ad
206 3685 416 3755 rodruodlud.
440 3693 599 3777 tamquam
621 3694 648 3760 si
673 3713 872 3776 »passerum«
897 3717 935 3764 ex
957 3697 1055 3763 Iliade
1076 3696 1202 3762 notissi-

141 3805 227 3851 mum
257 3792 421 3871 augurium
455 3801 491 3861 ut
524 3796 604 3863 bene
641 3800 779 3866 eveniret
810 3801 943 3867 Colchas
976 3801 1027 3867 hic
1056 3799 1096 3865 ad
1126 3799 1202 3866 deos

140 3895 227 3956 esset
252 3899 406 3973 precatus.
452 3916 531 3980 quae
559 3907 664 3968 autem
690 3903 811 3987 reliqua
841 3910 914 3971 suut
941 3905 1037 3972 verba
1064 3905 1202 3988 hodera
1276 3973 1279 3978 ,

141 3993 242 4077 κράναι
264 4000 296 4061 et
318 3997 396 4075 δεξιαὶ
418 4004 474 4083 μὲν
496 4007 685 4088 κατάμομφα
708 4011 740 4076 δέ
763 4009 863 4092 ipsius
886 4027 955 4074 esse
978 4007 1073 4074 verba
1088 4011 1200 4089 poetae

139 4093 172 4158 id
195 4097 319 4173 quidem
342 4102 520 4171 addubitari
541 4111 665 4190 nequit;
695 4113 752 4179 sed
774 4131 831 4178 suo
854 4131 923 4178 esse
944 4113 1013 4178 loco
1036 4111 1201 4179 exturbate

138 4197 171 4263 in
194 4215 354 4282 unumque
375 4213 494 4275 temere
517 4211 656 4278 conferta
677 4215 728 4280 vel
756 4216 829 4281 inde
852 4217 927 4282 satis
954 4221 1042 4297 petet
1063 4215 1147 4297 quod
1168 4219 1200 4282 in

137 4302 257 4384 protasi
280 4305 417 4374 nondum
440 4312 479 4377 de
501 4314 652 4394 peculiari
674 4317 849 4398 aquilarum
862 4319 984 4401 augurii
992 4319 1200 4402 ambiguitate
