2884 4660
241 1223 410 1350 Permulta
431 1291 504 1352 sunt
525 1304 605 1367 quae
621 1284 766 1354 VV.DD.
784 1290 816 1352 et
838 1285 891 1368 qui
903 1285 1050 1370 Aeschyli
1073 1287 1199 1368 scriptis

138 1393 332 1456 navaverunt
360 1393 392 1454 ot
420 1389 473 1470 qui
494 1395 610 1457 navant
639 1407 767 1474 operam
794 1389 1009 1456 addubitanda
1036 1388 1139 1456 adhuc
1168 1395 1200 1456 et

138 1489 330 1573 proficienda
361 1491 393 1556 in
429 1492 475 1558 eis
507 1493 715 1574 reliquerunt:
760 1511 916 1579 perpauca
953 1509 1033 1575 quae
1064 1492 1133 1574 ipse
1162 1511 1199 1560 co

138 1594 263 1660 nominc
286 1600 512 1664 commentatus
534 1596 737 1679 suppeditare
763 1602 857 1678 atque
887 1595 1042 1662 subtiliori
1068 1596 1200 1662 oliorum

106 1761 108 1766 .
134 1697 252 1780 judicio
276 1698 473 1766 diiudicanda
502 1719 539 1766 ca
568 1719 623 1781 spe
654 1700 765 1766 ductus
787 1717 917 1781 possum
937 1717 1113 1782 proponere
1135 1717 1199 1764 non

135 1799 204 1867 fore
237 1807 272 1867 ut
304 1821 434 1884 prorsus
469 1799 531 1868 illis
564 1802 756 1885 displiceant.
808 1803 864 1868 sed
897 1803 1039 1884 quumvis
1067 1801 1200 1868 habeam
1316 1807 1322 1816 '

136 1924 335 1988 persuasum,
366 1906 540 1988 quicunque
567 1907 608 1971 ad
635 1906 796 1990 Aeschyli,
827 1908 854 1976 si
882 1905 975 1972 ullius
1007 1910 1080 1972 sunt
1101 1905 1199 1987 scrip-

136 2010 226 2089 toris,
256 2009 408 2091 impedito
437 2028 512 2075 sanc
540 2027 577 2076 ac
605 2008 797 2076 multimodis
831 2011 1002 2092 depravata
1032 2027 1128 2091 opera
1148 2008 1199 2075 vel

135 2113 330 2180 emendanda
351 2114 401 2180 vel
422 2114 659 2198 interpretando
671 2132 782 2185 manus
796 2115 969 2193 admoveat,
992 2113 1022 2180 ei
1037 2118 1199 2194 tamquam

136 2218 260 2282 aedium
291 2219 464 2286 alienmum
492 2219 588 2286 limen
616 2220 751 2286 transire
780 2223 874 2302 atquc
904 2215 1132 2302 inpenetralia
1152 2216 1199 2282 in-

135 2325 220 2385 trare
244 2322 368 2386 conanti
392 2341 485 2389 »cave
508 2342 635 2392 canem«
659 2323 833 2394 illudente
861 2322 969 2390 oculos
997 2322 1199 2404 animumque

140 2422 299 2489 obversari
321 2424 436 2491 debere
458 2466 499 2476 -
523 2433 598 2494 sunt
619 2430 703 2514 enim
727 2447 797 2506 cpm
820 2428 964 2496 omnibus
980 2426 1046 2494 lere
1059 2424 1197 2494 inrebus

138 2532 204 2592 tum
226 2528 258 2593 in
281 2547 318 2621 co
340 2527 410 2595 loco
440 2530 500 2596 duo
530 2532 727 2613 potissimum
754 2521 965 2615 periculorum
993 2548 1124 2614 genera,
1156 2548 1197 2596 ue

137 2633 192 2694 aut
219 2629 373 2697 hebetiori
398 2632 517 2716 judicio
552 2621 714 2716 praeditus
743 2637 854 2702 vitiose
891 2634 1007 2700 tradita
1037 2637 1196 2714 tamquam

135 2752 210 2801 vera
233 2736 413 2817 comprobet
434 2755 472 2804 ac
495 2737 718 2805 defenderant
740 2740 836 2806 nimia
852 2740 903 2808 sui
917 2738 1069 2806 acuminis
1082 2735 1197 2802 fiducia

137 2837 236 2905 elutus
258 2840 291 2904 in
312 2859 460 2908 vesanam
481 2844 622 2910 mutandi
650 2844 847 2927 novandiquc
876 2844 1048 2926 abripiatur
1071 2839 1197 2908 temeri·

136 2941 233 3004 tatem
254 2967 312 3008 -:
343 2945 410 3026 ipse
439 2951 544 3012 tamen
567 2947 699 3030 utquid
725 2947 784 3014 hac
805 2949 837 3014 in
859 2968 894 3014 re
915 2947 1052 3015 valerem
1073 2943 1197 3028 pericli·

137 3046 223 3108 tarer
250 3063 390 3128 quaeque
418 3056 504 3118 recte
532 3051 608 3116 mihi
641 3050 758 3120 vidisse
784 3053 914 3120 videbar
941 3051 1034 3118 utin
1058 3049 1196 3119 medium

136 3145 323 3228 proferrem,
354 3151 387 3216 id
414 3159 554 3222 statuens
582 3157 808 3237 commovebar,
840 3176 919 3240 opus
949 3155 1094 3239 quodque
1117 3151 1196 3220 diffi-

137 3251 239 3332 cilius,
270 3257 306 3317 ut
334 3253 367 3317 ni
396 3256 509 3324 mirum
539 3259 593 3326 illa
622 3266 671 3328 cst
697 3262 843 3346 Aeschyli
874 3259 981 3328 fabula
1002 3259 1194 3342 Agamemno

135 3355 299 3438 inscripto,
329 3356 498 3426 dummodo
519 3379 576 3442 pro
600 3383 657 3432 suc
679 3365 812 3448 quisque
842 3364 1000 3448 cogitandi
1020 3362 1194 3446 percipien-

135 3459 228 3543 dique
250 3460 355 3528 iudole
385 3461 549 3544 diligenter
578 3472 752 3548 pertractet
780 3473 874 3551 atquc
897 3469 1016 3536 sincere
1039 3465 1195 3548 diiudicet,

135 3561 252 3645 aliquid
282 3584 406 3649 semper
439 3567 540 3633 bonae
567 3567 667 3651 frugis
699 3572 772 3638 inde
802 3573 836 3636 in
865 3573 1017 3656 mop‘orem
1045 3570 1113 3654 ejus
1144 3565 1195 3638 vel

136 3665 346 3733 sinceritatem
369 3673 417 3736 vel
440 3671 695 3754 perspicuitatem
716 3674 901 3745 redundare.

238 3770 342 3838 Pauca
371 3779 445 3840 sunt
472 3780 638 3858 praetcrea
665 3795 745 3861 quac
772 3779 845 3845 huic
874 3780 1076 3864 disputationi
1103 3798 1194 3864 prcc-

134 3874 259 3940 mitterc
288 3872 371 3942 libet
421 3878 589 3946 editionem
620 3881 938 3950 Schneidewinianam
968 3903 1039 3952 cum
1067 3884 1193 3952 omniuo

115 3989 190 4073 ‘pro
221 3978 290 4059 ejus
319 3978 522 4049 fundamento
554 4003 625 4054 csse
653 3987 724 4054 volo
752 3992 819 4054 tum
851 3988 965 4072 singuli
998 3987 1050 4062 hic
1083 4005 1193 4068 versus

134 4076 244 4144 iisdem
266 4083 379 4164 quibus
400 4084 465 4152 illic
486 4089 586 4154 notati
607 4088 755 4174 leguntur
776 4096 926 4158 notantur
940 4091 1088 4158 numeris.
1111 4108 1191 4174 quae
1221 4093 1227 4106 '

133 4198 208 4246 vero
235 4182 300 4248 VV.
329 4186 397 4252 DD.
425 4193 459 4256 et
491 4195 564 4256 autc
596 4191 863 4271 Schneidewinum
893 4194 926 4260 in
956 4195 1069 4278 quibus
1095 4211 1192 4260 uuum

134 4284 170 4352 G.
181 4284 396 4378 Hermannum
410 4295 545 4378 summis
561 4294 705 4364 laudibus
727 4315 899 4382 prosequor
923 4303 955 4365 et
975 4302 1048 4380 post
1070 4315 1142 4364 cum
1158 4296 1190 4360 in
