2884 4660
583 361 776 458 59*

146 557 275 624 trariam
296 555 390 636 plane
411 549 778 636 partomcourmovcret?
818 549 852 616 id
874 554 980 617 autem
1002 546 1046 630 fit,
1070 548 1098 616 ai
1118 555 1213 631 poeta

147 660 333 740 Aegisthum
366 657 470 727 vmhis
504 656 566 724 illis
588 655 670 723 male
693 654 839 722 ominatis
861 671 926 719 non
949 651 1082 720 Atridas
1100 654 1212 734 solum,

34 815 36 820 .
147 764 204 830 sed
225 764 402 838 universam
425 761 550 842 Pelopis
574 760 709 836 doraum,
736 757 769 824 in
792 777 829 825 aa
851 758 947 839 igitur
970 758 1114 840 Thyestis
1138 777 1214 840 quo·

148 887 209 950 que
231 868 412 950 progeniem
429 865 571 944 adeoque
586 881 621 928 se
639 863 742 942 ipsum
757 859 833 926 facit
845 868 1067 930 exsecrantem.
1112 879 1213 946 neque

149 978 255 1038 munem
275 968 423 1050 Aegisthi
446 973 499 1032 est
516 966 580 1032 tale
602 965 676 1046 quid
699 965 824 1033 incaute
846 969 901 1030 aut
922 981 1017 1044 agere
1032 970 1088 1030 aut
1109 966 1214 1030 dicere

149 1076 201 1158 qui
230 1073 335 1158 paullo
365 1073 522 1158 antalvv.
548 1069 790 1151 lodo—1565),
824 1067 996 1150 Thyestem
1024 1072 1146 1152 patrem
1179 1075 1216 1134 ut

148 1179 233 1244 omni
256 1175 446 1242 domesticae
469 1172 655 1240 calamitatis
685 1170 815 1236 cumina
838 1169 1000 1250 expediret
1022 1189 1210 1252 omnemque

149 1282 272 1366 eulpam
287 1282 320 1345 in
334 1280 466 1344 Atreum
480 1277 668 1342 avunculum
685 1275 852 1352 traiiceret,
876 1272 1027 1356 singulari
1045 1274 1215 1340 calliditate

149 1386 328 1452 elaborauit
383 1382 461 1446 haec
490 1381 517 1446 si
544 1385 689 1444 tenemus
719 1395 800 1458 quae
829 1377 905 1442 milri
935 1377 1061 1460 quidem
1085 1397 1148 1444 non
1170 1379 1215 1444 vi-

149 1465 263 1556 deutra
284 1506 378 1568 posse
399 1485 564 1552 resellis-
587 1502 688 1564 neque
718 1483 802 1546 enim
831 1482 898 1562 luc,
931 1482 986 1548 ubi
1017 1484 1132 1548 summi
1162 1501 1215 1552 res

148 1594 251 1676 agitur
278 1590 428 1657 morienti
458 1588 706 1670 gravissimaque
734 1585 832 1650 verba
858 1585 1052 1654 sollemniter
1074 1585 1215 1652 referun-

148 1704 217 1778 tur,
251 1697 284 1760 in
314 1695 496 1760 Atridarum
533 1692 603 1756 dico
633 1690 863 1766 exsecratione,
895 1688 982 1754 locus
1012 1689 1104 1756 datur
1135 1691 1216 1756 eius*

148 1801 233 1868 modi
262 1797 458 1878 ambiguitati
487 1813 549 1876 qua
579 1813 642 1860 una
677 1812 748 1858 oum
779 1793 898 1858 Atridis
935 1799 967 1856 et
1002 1793 1064 1874 ipsi
1099 1794 1216 1878 'rnyes-

149 1903 234 1966 tidae
266 1901 395 1966 deornm
425 1899 490 1964 irae
523 1901 746 1962 consecrentur
777 1933 821 1942 --
853 1895 895 1958 nil
917 1894 1102 1976 relinquitur
1124 1911 1216 1976 quam

150 2009 187 2070 ut
207 2021 336 2070 versum
358 2002 460 2080 illum,
495 2000 618 2066 etiamsi
650 2017 713 2064 non
747 2004 797 2074 est
829 2016 884 2062 eur
916 1998 1040 2064 omnino
1063 1999 1216 2081 Aeschylo

148 2109 378 2188 abiudicemus,
413 2105 486 2172 huic
519 2110 628 2173 tamen
652 2102 842 2182 abripiamus
864 2101 996 2168 lahrdae.
1051 2122 1113 2184 quo
1134 2103 1217 2170 facto

148 2231 196 2278 ur.
226 2214 440 2278 loru—loru
462 2207 671 2290 pulcherrime
694 2207 740 2270 ita
761 2205 950 2286 procedunt:

347 2420 476 2508 paeda,
498 2420 646 2501 aprima
669 2417 753 2486 idei
776 2418 898 2508 σφαγὴν
921 2418 1009 2500 epar·

347 2521 499 2604 λάκτισμα
520 2525 634 2588 δείπνου
657 2523 678 2588 δ’
697 2527 814 2598 ἐνδίκως
836 2523 932 2598 τιθεὶς
954 2521 1009 2610 ἀρᾷ

346 2626 425 2714 dpdr'
450 2628 577 2696 ὀλέσθαι
600 2624 662 2694 τοῖν
682 2624 716 2693 τὸ
741 2629 942 2702 Πλεισθένους
963 2633 1052 2708 γένος.

147 2833 267 2917 σφαγὴν
296 2831 381 2915 quod
411 2830 497 2896 edidi
525 2829 698 2910 Hartungii
729 2833 778 2895 est
800 2834 894 2910 atque
917 2826 1051 2894 traditae
1071 2828 1217 2894 lectionis

148 2937 288 3016 vestigiis
317 2935 461 3026 (σφαγῆς)
490 2935 621 3018 propius
656 2933 773 3002 insistit
805 2952 898 3014 quam
929 2932 1013 3014 quod
1046 2932 1216 3002 Schneide-

120 3131 121 3134 ,
150 3037 249 3125 winus
272 3038 398 3118 scripsit
419 3039 550 3121 σφαγάς.

251 3241 346 3310 Aliud
370 3241 600 3324 depravationis
622 3261 721 3326 genus
745 3241 777 3306 in
800 3241 846 3308 eis
869 3239 1114 3323 deprehenditur
1136 3241 1214 3310 locis
1263 3279 1265 3282 ·

149 3348 278 3428 quihus,
311 3352 348 3414 ut
375 3347 456 3410 bene
484 3349 635 3428 procedat
664 3347 781 3424 oratio,
816 3347 861 3414 ita
890 3345 1079 3412 medendum
1110 3351 1216 3414 estut

148 3469 294 3519 uersuum
324 3451 357 3516 in
388 3450 500 3532 quibus
534 3451 664 3532 quisque
699 3451 877 3518 condnetur
908 3449 984 3516 ordo
1013 3450 1219 3532 perturbatus

149 3555 334 3618 restituatur
357 3554 389 3618 in
411 3553 598 3632 integrum·
633 3555 720 3618 ouius
751 3553 878 3634 quidem
908 3553 1032 3634 generis
1056 3553 1117 3620 duo
1140 3552 1217 3620 mihi

149 3663 275 3737 praesto
306 3663 380 3724 sunt
411 3657 563 3740 exempla
617 3664 691 3723 sunt
718 3664 827 3725 autern
856 3657 986 3724 alterius
1015 3656 1076 3722 loci
1104 3677 1214 3722 versus

152 3763 364 3827 lior—1164
394 3779 471 3842 quos
501 3761 561 3827 etsi
590 3761 653 3825 iam
677 3759 714 3824 G.
738 3761 937 3828 Hermaunus
965 3766 1051 3826 recte
1072 3779 1091 3824 a
1112 3779 1146 3826 se
1169 3761 1216 3828 di·

148 3869 255 3946 gatos
285 3861 421 3930 mnfisus
450 3871 499 3930 est
527 3867 617 3932 cuius
647 3866 679 3930 in
712 3865 900 3932 auctoritate
922 3866 962 3928 ad
986 3883 1083 3949 unum
1106 3883 1217 3932 omnes

149 3967 297 4050 deinceps
325 3966 550 4048 acquieverunt
578 3970 715 4048 aditores
755 3974 848 4049 atque
866 3968 1085 4050 interpreter,
1118 3967 1215 4034 nihilo

150 4070 253 4135 secius
282 4090 323 4136 an
353 4072 444 4138 aliter
468 4073 611 4156 dispositi
634 4074 787 4156 aptiorem
810 4071 904 4138 etiam
927 4071 1216 4154 elegantioremque

149 4173 374 4254 sententiarum
406 4177 578 4258 praebeant
609 4177 839 4257 colligationem
871 4173 988 4240 dubito.
1037 4175 1101 4264 hoc
1132 4173 1215 4243 enim
1249 4241 1254 4248 .

149 4275 260 4343 ordine
281 4276 350 4342 sine
372 4297 426 4346 eos
448 4300 519 4351 scae
542 4283 711 4364 excipiant:

1017 4389 1035 4446 2
