2884 4660
581 367 795 434 ...17-

152 560 323 637 toritatem,
345 556 441 630 nihilo
464 556 568 622 minin
591 561 624 622 et
645 573 834 638 quamquam
856 555 998 622 vocabuli
1020 556 1104 625 illius
1125 557 1220 626 vesti·

153 663 241 744 glum
271 663 304 728 in
336 659 541 742 scriptoribus
572 660 688 742 prioris
720 661 833 726 aetatis
864 678 1018 744 nusquam
1046 662 1108 728 nisi
1137 661 1221 744 apud

153 764 356 832 Plutarchum
378 764 484 848 (Num.
508 767 543 826 8:
583 765 708 844 ἄγαλμα
732 768 884 850 ἔμμορφον
912 763 995 830 idem
1025 767 1108 846 qllod
1135 767 1222 834 abdo

154 868 372 956 ἀνθρωποειδὴς
408 872 462 952 aa)
499 861 665 953 ξονόμορφος
703 868 787 949 quod
821 865 927 948 paullo
961 873 1034 932 ante
1070 867 1226 951 seriptum.

154 971 282 1055 legitur)
291 970 430 1054 reperire
442 974 596 1052 potorum,
613 987 687 1034 vere
701 975 809 1035 tamen
820 968 1013 1053 Aeschyleae
1026 971 1140 1038 indolis
1151 989 1221 1039 asse

154 1075 231 1142 mihi
253 1075 378 1140 videtur
401 1072 491 1154 cujus
515 1073 640 1155 quidem
663 1071 849 1156 significatio
879 1072 1125 1140 luculentissime
1149 1093 1221 1142 con-

153 1180 240 1244 venit
263 1195 334 1244 cum
355 1177 497 1242 versibus
520 1176 779 1242 antecedentibus
807 1177 861 1258 qui
882 1178 969 1244 varia
990 1185 1223 1262 persequuntur

154 1279 294 1348 lamenta
315 1281 354 1346 de
377 1279 423 1346 eis
446 1297 578 1363 quorum
601 1281 740 1367 πυρωθὲν
761 1271 865 1368 βρνχῦ
888 1280 1000 1369 ψῆγμα
1028 1283 1060 1346 in
1087 1283 1222 1365 patriam

155 1384 301 1466 peruenit
322 1382 362 1448 ab
385 1382 498 1450 amicis
517 1382 719 1466 cognatisque
742 1401 852 1450 eorum
873 1384 934 1451 rite
957 1384 1049 1450 edita.

258 1485 314 1550 Vv.
327 1477 494 1552 ras-737
512 1486 566 1568 qui
581 1485 666 1552 tertii
682 1485 804 1552 stasimi
826 1492 900 1554 sunt
922 1488 1071 1570 strophae
1094 1493 1222 1571 quartae

157 1588 407 1656 inscribendos
432 1605 561 1656 censens

429 1723 519 1800 φιλεῖ
534 1717 565 1786 δὲ
587 1720 697 1786 τίκτειν
718 1716 801 1806 ὕβρις

427 1822 482 1904 μὲν
504 1821 622 1890 παλαιοὶ
644 1818 696 1888 occi
717 1857 762 1872 -

428 1921 531 2010 ζουσαν
552 1929 585 1992 ἕν
607 1931 707 2000 κοινοῖς
728 1924 839 2012 βροτῶν
861 1922 945 2011 ὕβριν

425 2025 483 2094 τότ’
507 2016 615 2114 οἶνοί,
638 2024 695 2094 εὖτ’
720 2027 889 2097 sicinini
912 2027 1009 2116 sopior
1029 2027 1108 2120 pita

428 2132 506 2214 φάος
526 2129 629 2200 andron
652 2140 717 2200 κτλ.

157 2258 187 2324 h.
200 2279 226 2326 e.
250 2261 334 2326 omui
356 2264 499 2342 tempore
523 2259 771 2343 quandocunque
794 2259 957 2326 advenerit
972 2261 1055 2327 iusta
1071 2279 1094 2328 s.
1109 2279 1223 2344 oppor-

156 2366 233 2428 tuna
255 2363 309 2426 lux
331 2399 373 2410 -·
397 2361 552 2443 caliginis:
596 2363 700 2432 σκότον
729 2362 839 2445 igitur,
869 2379 931 2428 non
960 2362 1068 2453 ἡμέρας
1097 2383 1120 2432 s.
1142 2364 1222 2438 ‚iaaac

159 2468 236 2546 dola
257 2469 470 2548 opportunum
498 2469 623 2544 tempus
653 2473 702 2530 est
730 2483 791 2548 quo
814 2465 894 2551 ὕβρις
916 2466 1023 2532 vetula
1045 2469 1111 2535 ovis
1135 2471 1224 2552 quasi

157 2569 308 2636 incubans
330 2574 434 2634 atrum
456 2567 734 2649 procreationum,
766 2571 849 2654 quod
878 2570 1025 2658 ὄξομώροο
1047 2572 1223 2655 exemplum

156 2671 240 2739 haud
274 2673 437 2755 indignum
469 2670 601 2738 videtur.
636 2673 777 2738 eiusdem
808 2673 932 2756 generis
965 2679 1012 2740 est
1041 2679 1224 2758 μελαμφαὲς

157 2782 255 2863 s'paia·
295 2777 380 2857 apud
416 2775 491 2842 Eur.
525 2774 593 2842 Hel.
631 2776 708 2854 518;
757 2778 961 2866 sanctissimis
997 2779 1104 2862 διόφος
1140 2780 1225 2863 apud
1311 2776 1318 2800 ⁸

160 2879 276 2946 Simon.
301 2880 335 2946 Ο.
358 2878 418 2960 frg.
442 2882 492 2959 37,
516 2880 553 2957 83
585 2881 718 2968 κελαινῆς
740 2880 843 2956 νυκτὸς
864 2885 947 2964 tnnc
974 2882 1059 2962 apud
1081 2888 1224 2949 nostrum

158 2982 190 3046 iu
220 2983 305 3048 Pers.
333 2983 396 3049 423
427 2986 459 3048 et
488 2998 567 3064 quae
599 2989 673 3048 sunt
702 2981 764 3046 alia
793 2983 825 3048 id
855 3003 963 3067 genus.
992 2988 1050 3054 τότ’
1075 3023 1120 3036 -·-
1145 2987 1223 3079 pita

159 3085 244 3168 quod
272 3086 384 3166 scripsi
412 3085 511 3151 debeo
540 3085 575 3148 L.
600 3085 742 3168 Kaysero
774 3085 913 3171 (Mdnch.
937 3088 1004 3155 Gal.
1028 3090 1103 3155 Ana.
1131 3094 1221 3155 1857.

157 3205 186 3270 p.
211 3190 296 3273 633).
326 3223 370 3238 -
401 3190 486 3255 κακοὶ
512 3187 623 3275 βροτῶν
651 3187 783 3255 fundum
806 3191 894 3272 quasi
917 3196 1012 3274 atque
1044 3193 1146 3260 solum
1169 3212 1222 3259 ex-

156 3289 266 3358 hibent
276 3290 360 3356 unde
377 3289 542 3372 superbiae
555 3290 721 3373 progenies
738 3292 910 3372 enascitur3
933 3296 1100 3375 progenies
1116 3301 1222 3362 autem

157 3400 231 3462 sunt
263 3391 386 3482 ουςσεβῆ
418 3400 488 3481 ἔργα
522 3400 558 3460 ut
588 3393 693 3475 paullo
723 3402 796 3463 ante
824 3396 986 3463 admonuit
1019 3399 1146 3466 chorus:
1190 3400 1223 3467 τὰ

158 3502 292 3581 δνςοεβὲς
313 3497 369 3587 peip
391 3505 474 3588 ἔργον
495 3506 574 3580 μέτα
603 3501 658 3580 μὲν
688 3505 809 3566 πλείονα
831 3508 922 3566 τίκτεν
946 3503 1006 3584 (w.
1030 3501 1222 3585 sas-729).

304 3627 341 3693 In
364 3630 480 3706 πολλαὶς
501 3630 618 3698 ἄνωθεν
639 3629 766 3718 ἀρτάνας
789 3628 861 3716 ἐμῆς
881 3635 960 3719 δέρης

300 3805 302 3810 ,
365 3737 470 3802 ἕλνοοιν
493 3733 581 3802 ἄλλοι
603 3733 675 3821 πρὸς
696 3737 764 3816 βίαν
786 3742 971 3820 mildi-‘gviii

156 3863 217 3945 (vv.
241 3863 425 3946 sla-843)
447 3863 473 3928 si
496 3863 568 3951 πρὸς
589 3867 665 3945 βίον,
688 3867 723 3927 ut
745 3861 838 3945 volgo
860 3861 904 3942 dt,
928 3881 998 3928 cum
1020 3868 1124 3930 ἔλυσαν
1150 3881 1222 3930 con-

156 3965 304 4048 iungitu'r‚
332 3965 531 4049 participium
560 3965 753 4049 subsequens
782 3967 865 4032 nude
887 3965 1032 4032 relictum
1055 3964 1224 4032 admodum

157 4065 284 4150 languet
306 4074 338 4136 et
360 4075 445 4135 certo
468 4068 780 4150 catalanicus,
809 4070 870 4135 nisi
898 4069 979 4136 forte
1008 4076 1062 4137 aut
1095 4069 1222 4137 Schnei-

158 4167 270 4235 dewini
292 4171 499 4254 explicatione
522 4190 583 4254 qua
605 4171 693 4237 uerbi
714 4170 798 4236 illius
817 4171 865 4238 vis
887 4173 966 4240 adeo
990 4173 1167 4240 extenditur
1188 4177 1224 4239 nt

156 4270 212 4340 sit:
237 4289 317 4356 quac
338 4273 371 4340 iu
393 4280 535 4358 ternpore
558 4273 673 4357 (much
704 4293 761 4338 zur
788 4272 919 4341 rechten
948 4275 1051 4360 Zeit«)
1081 4292 1222 4358 compre·

1027 4385 1045 4446 3
