2884 4660
656 357 870 432 ...12-

227 569 277 646 φρ.
308 563 340 623 et
369 557 479 639 ispani
511 555 546 621 ts
577 553 696 620 inserta
731 551 836 619 verbis
872 549 1124 632 discrepantibus
1162 551 1309 616 eandem·

226 679 355 746 prorsus
377 659 494 726 iterant
515 660 703 725 sententium
727 677 806 740 quae
829 658 934 724 verbis
956 655 1053 725 ταῦτα
1075 668 1176 723 πάντα
1196 655 1295 724 rasas

223 767 290 848 jam
312 764 390 830 sotis
412 781 561 852 erpressa
582 768 639 829 est.
692 780 789 845 quare
819 763 926 829 nescio
954 779 996 828 an
1026 761 1071 825 ite
1092 759 1211 825 rectius
1233 765 1298 825 sta-

226 869 377 935 tuendum
400 867 545 933 videatur
567 885 693 933 versum
710 872 771 931 879
796 885 866 931 cum
883 865 987 930 verbis
1009 864 1059 932 νῦν
1080 861 1175 930 ταῦτα
1199 859 1297 931 πάντα

227 972 308 1041 sirici
333 965 492 1060 ἀπενθὴτῳ
515 975 603 1059 φρενί
629 971 668 1036 ob
697 971 744 1035 rei
774 969 1009 1035 similitudinem
1038 973 1113 1048 epte
1135 983 1297 1047 compara-

228 1081 296 1142 tum
328 1079 361 1140 et
390 1075 430 1138 ad
459 1075 621 1157 archetypi
651 1073 825 1154 marginem
855 1072 1045 1153 adscriptum
1074 1089 1147 1134 mox
1169 1069 1243 1135 inde
1263 1070 1296 1135 in

228 1177 298 1257 ipse
319 1175 457 1240 auctoris
480 1174 576 1240 verba
597 1175 849 1254 transmigrasse.
893 1172 976 1237 ultro
992 1171 1098 1236 cutem
1121 1188 1215 1251 quom
1237 1189 1296 1252 par

229 1285 278 1346 est
308 1279 344 1345 G.
373 1276 556 1344 Diodorfiue
586 1279 619 1342 iu
651 1278 696 1344 eis
724 1297 910 1360 progressus
940 1281 990 1342 est
1017 1293 1099 1357 quse
1121 1279 1228 1340 nostro
1252 1274 1291 1340 de

228 1384 298 1450 loco
335 1383 469 1464 protulit
503 1383 535 1446 in
572 1382 717 1448 editionis
755 1401 830 1448 suae
861 1381 919 1463 pri.
951 1401 980 1462 p.
1012 1379 1147 1459 XLVIl3
1185 1381 1215 1442 in
1245 1397 1292 1443 rr.

231 1487 401 1550 862-879
431 1485 514 1550 onim
545 1485 589 1550 ait
621 1485 851 1551 diversissimas
881 1483 1130 1566 comparationes
1159 1481 1204 1546 lta
1226 1495 1295 1546 esse

231 1587 406 1654 cumulatas
429 1592 464 1651 ut
485 1605 549 1652 uon
572 1587 770 1672 Aeschylum,
793 1587 849 1654 sed
872 1587 1071 1653 Theodorum
1089 1583 1295 1650 Prodromum

231 1689 410 1771 similesque
441 1695 552 1771 poetas
582 1691 692 1757 audire
720 1691 885 1756 videamur
912 1689 965 1772 qui
993 1690 1025 1753 in
1047 1689 1108 1754 hoc
1130 1703 1298 1767 exaggero-

231 1799 335 1860 tumm
357 1794 600 1877 descriptionum
623 1813 738 1877 genere
760 1796 893 1866 mutum
917 1795 1012 1861 studii
1034 1793 1205 1876 posuerint.
1258 1789 1298 1853 de

233 1897 379 1979 quoiam
402 1916 514 1964 vereor
534 1918 576 1964 ne
598 1917 662 1964 nou
684 1901 762 1966 satis
786 1901 1014 1981 circumspecte
1034 1899 1077 1963 sit
1097 1895 1297 1961 sffirmcmm.

209 2018 307 2081 ergo
337 2001 441 2066 omnia
469 2003 530 2068 iste
559 2003 768 2084 circumsepta
805 2008 879 2068 sunt
910 1999 1055 2068 cancellis
1092 2005 1125 2064 et
1160 1999 1298 2077 abiecto3

231 2123 260 2172 V.
292 2109 354 2169 870
389 2110 507 2182 τοιοῖσδέ
542 2111 590 2174 no!
622 2135 665 2174 νιν
700 2107 771 2184 ciffi&
807 2110 1056 2195 προςφθέγμασιν
1089 2102 1299 2170 retinebitur?

233 2207 318 2289 quod
338 2225 490 2289 perquam
512 2211 636 2274 mirum.
681 2213 738 2276 sed
760 2229 800 2275 ne
823 2209 898 2291 quid
913 2207 1054 2274 offendes
1076 2209 1108 2272 in
1133 2208 1192 2273 hcc
1215 2223 1299 2271 oom-

233 2311 430 2392 patrationum
461 2313 654 2378 abundantia
684 2319 778 2398 atque
809 2313 1019 2380 cumulet-ione
1042 2313 1082 2376 id·
1096 2315 1170 2376 oute
1193 2310 1299 2376 omnia

233 2419 283 2480 cst
313 2415 623 2482 animadvertendum
652 2417 726 2482 inde
756 2418 900 2484 overbia
924 2416 976 2485 vin
998 2416 1093 2484 raim
1115 2413 1211 2482 πάντα
1235 2431 1300 2494 eqs.

233 2536 332 2598 usque
355 2519 396 2583 ed
418 2517 622 2608 ἠνειχόμεσθα
645 2523 705 2605 (vn
723 2524 907 2605 ssu—872)
931 2521 1214 2603 Clytaenmestram
1236 2537 1300 2582 nou

234 2621 276 2686 ed
298 2620 563 2702 Agamemnonem
584 2643 769 2690 conversam
792 2624 877 2704 loqui
900 2625 957 2688 sed
987 2623 1027 2686 ad
1057 2622 1200 2698 chorum,
1230 2620 1304 2685 inde

235 2743 255 2788 a
284 2724 387 2790 verbis
419 2727 545 2792 demum
579 2727 628 2796 viv
657 2734 689 2795 δέ
718 2755 778 2809 μοι,
810 2732 902 2808 φίλον·
926 2720 1002 2813 κάρα
1032 2743 1096 2806 eqs.
1126 2725 1166 2789 ed
1203 2723 1303 2804 ipsius

237 2827 375 2907 coniugis
412 2828 655 2911 appellationem
693 2831 804 2896 redire.
872 2834 966 2909 atque
1005 2827 1133 2894 senibus
1168 2825 1231 2890 illis
1267 2830 1304 2888 ut

236 2937 386 3012 quantum
408 2933 510 3012 possit
532 2933 571 2998 de
593 2931 654 2998 fide
683 2953 742 3000 sua
763 2939 858 3015 atque
880 2951 1004 2996 morum
1027 2931 1207 3011 integritate
1230 2947 1303 3010 per·

237 3034 368 3124 suadeat
396 3036 467 3100 vide
495 3042 688 3118 quantopere
718 3040 813 3118 poeta
843 3036 987 3117 egregius
1010 3034 1096 3100 illam
1118 3032 1216 3098 faciet
1237 3033 1304 3097 eui·-

80 3181 86 3188 -
180 3191 186 3208 ,
236 3142 365 3206 tentem.
427 3159 488 3206 uno
523 3140 642 3208 scilieet
677 3141 773 3208 verbo
810 3144 886 3208 satis
924 3148 972 3208 est
1008 3141 1183 3213 affirmasse
1219 3157 1304 3219 vera,

238 3243 310 3414 wilfi
323 3244 363 3310 ad
391 3242 471 3312 falsa
501 3245 662 3328 probando
691 3251 724 3312 et
752 3247 903 3312 ementita
932 3248 983 3312 vix
1008 3251 1132 3313 centum
1156 3243 1305 3311 effudisse

109 3407 111 3419 .
238 3367 274 3416 su
302 3349 361 3415 ‘cit

748 3701 790 3772 Π.

345 3973 464 4052 Quibus
495 3975 663 4056 disputatis
688 3976 756 4056 jam
784 3975 826 4038 ad
849 3972 1070 4054 disceptandos
1092 3971 1213 4052 aliquot
1234 3989 1307 4051 pro-

241 4075 420 4156 grediamur
442 4077 527 4146 locos
550 4095 683 4159 quorum
704 4079 737 4141 in
759 4077 916 4157 scriptura
939 4074 1063 4156 qualem
1085 4072 1212 4154 quidem
1235 4070 1306 4152 plus

242 4179 384 4246 minusve
414 4181 615 4263 depravatam
646 4180 853 4264 prodiderunt
883 4180 1007 4246 codices
1029 4196 1103 4246 mss
1128 4195 1198 4242 oum
1220 4173 1306 4239 nullo

243 4285 336 4364 pacto
373 4284 415 4353 sit
448 4286 725 4370 acquiescendum,
760 4285 826 4352 sive
864 4284 1050 4351 correcturis
1087 4299 1165 4364 quas
1201 4277 1308 4360 alique
