2884 4660
517 309 875 404 ⁸-2e-'

200 520 329 611 Ἐρνύρ;
363 522 396 588 in
418 523 527 603 rigam.
558 527 618 588 739
637 524 717 606 Ἄπη
747 533 888 604 μέλαιναι
916 540 974 606 pro
997 525 1028 589 d}
1057 523 1110 589 καί
1135 519 1271 586 certissi-

204 647 289 694 mam
310 628 427 710 recipio
450 626 584 694 Buttleri
607 628 857 698 emendationem
881 635 959 713 δίκην
981 629 1046 693 sive
1060 625 1164 710 potius
1181 629 1271 692 δίκαν.

204 731 267 796 iarn
290 729 355 798 ’ν’πα
378 730 402 796 si
425 730 623 796 retinendum
654 749 777 810 censes,
806 750 864 813 pru
891 749 929 798 ea
960 747 1053 813 quam
1076 729 1173 793 modo
1201 727 1274 793 dedi

205 831 462 915 interpretatione
484 833 572 899 verbi
594 837 646 914 βαὶ
666 837 754 902 iader
778 834 823 899 ita
846 832 993 916 explicari
1021 835 1141 914 potest:
1179 839 1275 912 μέλας

202 938 295 1023 ”Aere
329 937 380 1020 βία
417 934 564 1013 ἐπάγεται
598 938 709 1004 ἐνθάδε
738 939 779 1020 (h.
810 956 837 1002 e.
866 936 898 1000 in
927 935 1121 1013 Atridarum,
1157 933 1191 997 in
1224 931 1273 997 his

207 1036 404 1119 potissimum
418 1037 450 1100 in
463 1039 705 1118 Agamemnonis
719 1039 867 1122 domum),
885 1038 950 1105 ὅπα
963 1039 1126 1125 προβαίνων
1140 1039 1222 1101 δίκαν
1232 1071 1273 1083 ·-

209 1141 338 1227 παρέξει.
362 1145 395 1204 at
417 1138 445 1205 si
466 1139 548 1207 forte
572 1142 724 1224 quispiam
753 1141 963 1208 offenderetur
985 1140 1152 1206 verborum
1180 1137 1274 1203 coilo-

210 1243 330 1308 cetione
353 1242 418 1309 ’όπνν
440 1248 522 1310 δίναν
544 1249 708 1332 πρνβαίναν
730 1248 865 1332 παρέξει,
889 1249 923 1308 ut
945 1245 1023 1308 haec
1046 1259 1167 1325 quoque
1186 1257 1278 1322 prae·

103 1337 113 1346 “
210 1349 386 1411 verteretur
412 1345 559 1428 offensio,
591 1347 636 1412 nil
665 1355 845 1431 superesset
874 1347 998 1414 nisi-ut
1026 1345 1092 1413 ὅπα
1121 1363 1199 1427 qrrae
1229 1349 1279 1410 est

210 1447 361 1514 librorum
384 1447 476 1514 lectio
496 1449 529 1514 in
551 1449 629 1525 ’ν’παα
653 1456 827 1516 mutaretur
850 1469 911 1532 quo
934 1449 1017 1515 facto
1033 1448 1114 1513 hanc
1130 1446 1280 1530 proderet

199 1551 300 1617 iocus
327 1549 528 1618 seutentiam:
561 1553 802 1636 »consanguinei
832 1551 951 1620 cruoris
973 1551 1152 1634 profusione
1175 1551 1206 1615 vi
1228 1568 1279 1615 ac-

214 1653 345 1718 cersitur
368 1653 454 1719 Mars
477 1660 554 1737 ater,
577 1662 817 1739 ut-tanquam
835 1657 1280 1744 Δίαααπρὸριαχνα-ρίοςτα-

215 1755 303 1822 diens
329 1757 506 1842 (προβαίνων
528 1758 671 1824 absolute
698 1759 836 1841 positum
870 1759 980 1826 eadem
1008 1758 1039 1822 vi
1067 1758 1184 1824 dictum
1213 1760 1280 1820 tum

214 1856 459 1938 intellegendum
495 1865 579 1926 esset
615 1867 709 1942 atque
743 1860 911 1926 Homerica
944 1859 997 1926 iila
1029 1859 1092 1926 ὦκα
1119 1857 1281 1946 πραβνβῶν,

216 1963 342 2048 κραιπναὶ
372 1978 396 2025 s.
427 1960 525 2043 ανῢφα
555 1965 713 2052 προβιβάς)
746 1963 810 2028 rori
838 1963 980 2030 nativuro
1008 1962 1160 2044 praebeat
1190 1960 1282 2026 ultio-

114 2055 118 2066 “
216 2081 316 2130 nem«
341 2065 397 2130 sed
419 2067 646 2150 utrumcunque
668 2073 831 2148 praestare
850 2067 1021 2146 videbitur,
1049 2066 1134 2130 nullo
1158 2063 1282 2147 quidem

217 2175 310 2248 paeto
334 2169 429 2234 verba
452 2169 517 2240 ὅπα
540 2176 621 2238 δίκαν
643 2211 685 2248 -,
708 2173 829 2259 παρζὲεν
851 2172 882 2236 in
906 2189 975 2237 eam
997 2169 1184 2237 sententiam
1201 2168 1284 2232 dicta

219 2271 323 2356 accipi
340 2280 487 2355 possunt,
511 2280 546 2339 ut
567 2281 730 2340 vertantur
745 2293 863 2357 »usque
886 2294 923 2341 eo
944 2274 1162 2358 progrediens,
1186 2270 1285 2336 donec

221 2414 262 2425 -
284 2395 419 2460 poenam
442 2378 624 2459 sumserit«;
646 2379 708 2444 huc
730 2385 835 2446 autem
857 2398 895 2445 ea
917 2378 1050 2445 detorsit
1072 2377 1224 2459 Engerus.

325 2477 381 2544 vv.
409 2483 636 2572 mar-ram:

428 2587 463 2652 er>
487 2587 600 2674 δἀἳνδρα
621 2587 701 2655 riou
723 2587 784 2678 φὴς
807 2588 885 2654 tuedo
907 2591 1110 2660 κατακτανεῖν,

429 2691 513 2772 μόνος
536 2693 695 2759 ὁέποίκτον
717 2691 798 2758 τόνδε
819 2689 974 2772 βουλεῦσαι
996 2688 1094 2770 φόνον.

224 2793 276 2873 qui
299 2793 338 2856 de
361 2793 557 2874 apertissima
579 2793 745 2858 verborum
768 2796 843 2862 tado
856 2800 1049 2860 κατακτανεῖν
1064 2786 1288 2874 significatione

226 2911 305 2976 quae
335 2902 383 2960 est
414 2897 575 2962 »consulto
606 2902 645 2992 et·
660 2896 699 2961 de
727 2896 881 2962 industrie
910 2897 1038 2961 caedem
1066 2897 1287 2974 perpetrasse«

225 3003 347 3064 tantum
370 2999 445 3064 velit
468 2999 645 3080 detrahere,
676 3005 712 3066 ut
738 3001 781 3065 nil
811 3000 935 3066 valeant
964 2997 1024 3063 nisi
1048 2996 1173 3062 »dedita
1196 3013 1291 3077 opera

227 3102 355 3169 caedem
379 3102 551 3184 cogitasse«
576 3103 833 3188 [»geflissentlich
864 3099 975 3168 darauf
998 3118 1157 3183 gesonnen
1179 3096 1289 3174 haben,

228 3204 341 3272 darauf
367 3206 503 3272 bedacht
531 3223 673 3290 geuesen
703 3207 789 3272 sein«
816 3204 1039 3292 Schneidew.]‚
1069 3204 1095 3269 is
1125 3221 1199 3267 num
1230 3200 1291 3266 cui·

228 3328 321 3394 quam
343 3308 423 3374 hanc
445 3310 671 3391 interpretandi
693 3310 846 3376 rationem
862 3307 1110 3392 possitprobare
1123 3303 1290 3370 admodum

230 3413 354 3478 dubito:
376 3411 409 3478 id
436 3412 530 3496 igitur
557 3413 617 3480 sibi
646 3413 776 3497 quisque
802 3413 924 3480 habeat.
961 3411 1016 3478 sed
1045 3427 1154 3474 versus
1185 3406 1292 3473 subse-

230 3516 352 3599 quentis
380 3517 476 3582 verbu
510 3520 597 3598 μόνος
630 3519 789 3585 δ’ἕποικτον
817 3520 899 3585 τόνδε
926 3515 1082 3600 devastata
1113 3513 1204 3594 φὸανν
1231 3526 1292 3573 11011

230 3620 348 3686 habent
372 3621 482 3703 quibus
514 3628 587 3704 apte
616 3621 760 3704 opposita
790 3622 941 3688 dicantur.
971 3618 1092 3684 accedit
1115 3615 1197 3699 qaod
1226 3614 1292 3695 ipsa

231 3723 400 3804 Aegisthus
429 3724 461 3788 in
495 3723 634 3790 oratione
664 3725 867 3791 antecedente
902 3739 1056 3803 nusquam
1086 3737 1120 3784 se
1148 3714 1293 3782 facinoris

233 3834 447 3892 exsecutorem
470 3827 618 3910 ostendit,
641 3847 681 3894 ne
704 3830 887 3894 societatem
911 3825 1035 3908 quidem
1059 3821 1162 3888 caedis
1183 3835 1293 3902 perpe-

232 3935 333 3996 tratae
363 3930 478 3998 diserte
506 3933 566 3998 sibi
595 3934 749 4012 vindicat,
783 3933 879 3996 immo
911 3945 981 3995 eum
1010 3923 1226 3992 tantummodo
1262 3937 1294 3986 se

233 4033 398 4117 profitetur
421 4037 473 4118 qui
495 4043 594 4102 totam
624 4036 740 4102 funesti
771 4035 890 4100 consilii
913 4033 1067 4098 rationem
1089 4025 1243 4095 invenerit
1266 4028 1295 4088 et

236 4137 502 4220 Clytaemnestraa
526 4140 700 4206 subdiderit
722 4139 941 4224 (civu1572,
969 4140 1060 4214 1517,
1088 4135 1177 4212 1596,
1205 4131 1293 4206 1603,

113 4325 119 4329 ¹
238 4244 342 4326 1614),
380 4260 458 4326 quae
495 4250 604 4310 contra
642 4244 740 4308 solam
774 4243 806 4309 in
843 4262 877 4310 se
914 4238 1032 4306 consilii
1066 4233 1294 4303 exsecutionem
