2884 4660
647 361 884 434 .-24-

347 555 466 621 Versus
489 552 583 619 1258·
596 553 751 635 scriptura
778 551 902 635 qualem
930 549 1055 635 quidem
1078 555 1240 618 assecutus
1263 555 1311 616 est

245 655 459 722 Hermannus:
490 657 541 724 οὖν
563 657 620 723 ἔστ’
645 655 759 731 ἄλυξις,
789 655 835 731 οὔ,
865 655 956 733 ξένοι,
979 657 1085 742 χρόνον
1107 662 1205 732 πλέον,
1227 659 1263 719 ut
1282 653 1310 719 si

243 760 458 826 imminentem
490 763 624 824 mortem
661 759 723 823 iam
759 757 950 839 aliquamdiu
984 756 1123 838 effugere
1157 757 1311 840 potuisset

245 861 433 942 Cassandra,
464 881 539 926 vera
569 861 636 926 eius
667 858 823 924 1111111
852 877 982 942 pravam
1010 860 1195 927 sententiam
1217 859 1310 944 plane

243 963 379 1028 invertit.
401 963 488 1045 atqui
508 962 581 1026 libri
603 979 675 1027 mss.
700 963 732 1028 οὐ
754 961 813 1046 (οὔ)
836 962 911 1038 ξένοι
934 964 1032 1050 χρόνῳ
1056 971 1139 1030 πλέον
1155 961 1310 1040 exhibent,

245 1065 328 1148 quod
350 1065 484 1130 scienter
506 1070 600 1146 atque
623 1063 785 1146 aptissime
812 1063 852 1129 ad
882 1082 1007 1130 sensum
1029 1063 1309 1131 Rauchenstcinius

244 1167 421 1232 emendavit
438 1161 623 1234 scribendo:
639 1205 681 1218 -
696 1169 739 1234 od·
761 1170 795 1234 ιί
811 1195 860 1248 μοι
883 1169 980 1256 χρόνῳ
994 1175 1099 1237 πλέονι
1122 1167 1179 1234 sed
1194 1167 1310 1232 rectius

151 1293 158 1304 ·
242 1267 377 1336 fortasse
398 1287 500 1353 neque
521 1274 627 1336 tamen
648 1270 772 1351 longius
795 1268 834 1336 de
856 1269 992 1338 11111111
1013 1270 1157 1338 lectionis
1169 1265 1310 1349 uestigiis

244 1373 418 1441 declinans:

448 1478 500 1546 criu
522 1476 582 1546 ἔστ’
603 1477 703 1555 ἄλυξις
726 1479 791 1546 οὐδέ
812 1505 861 1560 μοι
883 1479 981 1567 χρόνῳ
1002 1485 1103 1547 πλέον.

241 1579 343 1644 itaut
365 1578 444 1646 duae
467 1580 604 1664 syllabae
633 1579 807 1663 singulares
829 1615 874 1628 -—
895 1581 1028 1650 aanor
1050 1579 1169 1646 librarii
1190 1580 1310 1646 incuria

241 1681 273 1746 in
296 1701 393 1748 unum
414 1702 591 1768 navumque
613 1683 798 1752 vocabulum
818 1683 893 1762 ξένοι
918 1684 1161 1768 comprehensae
1183 1685 1309 1752 videan-

241 1790 301 1850 tur.
323 1823 368 1834 -
388 1787 507 1854 Versus
545 1789 737 1871 subsequens
775 1807 813 1855 ea
851 1807 912 1871 qua
949 1787 1098 1856 exhibent
1132 1805 1203 1854 eum
1227 1787 1310 1855 libn'

241 1889 397 1972 scriptura
418 1892 537 1974 optimo
559 1893 627 1960 iure
648 1892 778 1960 retineri
799 1895 913 1976 potest.
932 1891 1030 1960 verba
1052 1884 1135 1958 enim
1158 1892 1172 1961 ο·
1194 1891 1309 1962 diaca-

228 1983 289 2068 τός
311 2021 344 2073 γε
365 1993 417 2062 aab
437 1996 545 2083 χρὸνον
567 1997 776 2084 πρεσβεύεται,
808 1995 920 2080 quibus
952 1995 1039 2062 chori
1062 1996 1238 2063 continetur
1259 2013 1309 2062 re·

240 2097 379 2178 sponsio,
409 2098 459 2162 vix
480 2099 513 2164 in
543 2099 636 2166 aliam
665 2101 853 2166 sententiam
881 2098 982 2180 accipi
1003 2102 1135 2180 possunt
1159 2105 1252 2182 qu'am
1274 2102 1310 2164 ut

240 2195 455 2280 explicenturr
481 2201 577 2284 quad
614 2201 655 2268 ad
687 2207 825 2284 tempus,
863 2206 1058 2284 postremum
1093 2202 1172 2268 scito
1206 2201 1308 2285 prima

238 2303 365 2368 tenere«
389 2304 420 2369 h.
443 2323 471 2386 e,
495 2323 566 2370 eum
589 2306 642 2388 qui
664 2306 705 2372 sit
727 2311 904 2386 postremus
927 2306 1021 2388 primi
1042 2306 1111 2371 loco
1126 2304 1306 2371 habendum

240 2423 310 2471 esse
340 2412 492 2487 quatenus
521 2408 689 2490 plurimum
719 2410 748 2474 ei
777 2409 914 2491 supersit
941 2409 1092 2491 temporis
1114 2407 1155 2474 ad
1177 2408 1306 2474 consiliu

238 2525 296 2590 pro
319 2528 354 2576 re
382 2530 419 2576 ac
448 2515 590 2595 tempore
613 2517 645 2578 et
675 2513 826 2596 capienda
849 2518 881 2578 11
902 2511 1111 2595 exsequenda.
1140 2517 1234 2595 atque
1261 2511 1306 2578 nil

238 2611 384 2694 interest,
415 2620 519 2680 utrum
549 2615 590 2680 ad
617 2613 739 2691 ὅοιιιιος
767 2635 807 2680 11
838 2616 877 2681 ad
909 2617 1101 2702 πρεσβεύεται
1134 2615 1306 2698 genitivum

238 2715 289 2784 rod
326 2719 432 2805 χρόνον
460 2717 659 2785 referendum
687 2737 829 2799 censeas3
867 2723 999 2802 utraque
1028 2718 1110 2785 enim
1138 2718 1306 2785 verbomm

238 2824 396 2887 structura
429 2822 461 2887 in
498 2822 630 2888 eandem
666 2822 852 2888 sententium
886 2822 976 2888 redit.
1015 2840 1094 2904 quae
1122 2840 1196 2888 veru
1234 2839 1305 2888 cum

238 2924 354 3006 optime
389 2924 522 3008 quadret
552 2925 694 3007 mrem,
731 2925 857 2990 minime
892 2930 960 2990 erat
989 2927 1072 3006 qnod
1104 2925 1149 2990 uir
1179 2924 1304 3008 quidam

238 3027 436 3094 doctissimus
468 3028 603 3094 traditae
634 3029 807 3111 scripturae
830 3029 938 3092 vitium
970 3027 1099 3094 subesse
1122 3028 1304 3095 existimans

237 3129 321 3195 hunc
342 3129 375 3194 in
398 3129 526 3196 modum
549 3149 618 3196 eam
642 3131 828 3212 corrigeret:
851 3130 865 3198 ὁ
886 3131 907 3196 δ’
931 3130 1054 3206 ὕστατος
1076 3138 1112 3212 γέ
1132 3157 1182 3199 ιον
1199 3131 1305 3218 χρόνος

237 3237 439 3320 πρεσβεύεται.

301 3423 304 3428 ,
341 3338 575 3406 lusa-1285.
619 3339 724 3406 Foede
747 3355 823 3403 sane
848 3337 1024 3406 deformata
1046 3343 1119 3406 sunt
1142 3356 1221 3421 quae
1242 3336 1304 3404 hoc

235 3441 304 3506 loco
326 3441 357 3505 in
378 3440 466 3508 libris
490 3443 606 3524 scripta
628 3442 787 3524 leguntur:
815 3448 873 3518 τοῖς
896 3449 975 3525 ἐμοῖς
997 3443 1144 3530 τιμοιὲροις
1159 3441 1164 3529 Ι
1177 3443 1304 3529 ἐχθρῆς·

236 3544 357 3628 φονεῦσι
378 3553 437 3622 τοῖς
459 3553 540 3629 ἐμοῖς
561 3553 646 3615 τίνειν
669 3545 750 3628 ὁμοῦ.
773 3565 833 3630 quo
856 3546 951 3628 igitur
973 3547 1143 3628 simplicius
1165 3545 1303 3630 planius·

236 3666 296 3731 que
320 3650 472 3733 quispiam
496 3669 534 3716 ea
564 3651 746 3732 correxerit,
763 3659 765 3662 ’
780 3670 816 3718 11
845 3649 1039 3733 probabilius
1067 3651 1201 3734 pristina
1229 3667 1303 3717 auc·

234 3755 312 3820 toris
334 3755 430 3821 verba
458 3756 635 3838 repperisse
663 3755 723 3822 sibi
751 3754 949 3839 persuadeat.
984 3759 1016 3822 et
1046 3755 1239 3838 aliquatenus
1269 3753 1303 3819 id

235 3858 379 3941 equidem
402 3860 478 3926 mihi
500 3867 661 3928 assecutus
685 3879 754 3928 esse
777 3859 887 3926 videor
908 3859 1089 3926 scribendo:

731 3962 801 4051 ἡλίῳ
824 3964 846 4029 δ’
870 3962 1042 4048 ἐπεύχομαι

438 4067 512 4156 πρὸς
533 4067 657 4136 ὕστατον
680 4067 745 4150 Odiis
767 4073 825 4142 τοῖς
847 4068 1093 4154 iaciasiacias

439 4173 573 4258 ἐχθροὺς
595 4172 706 4253 diacum
728 4171 800 4238 τόνδ’
825 4173 897 4252 ἐμὸν
918 4173 1004 4238 τίνειν
1026 4169 1115 4251 (liuor

436 4273 538 4362 δούλης
559 4272 703 4360 θανούσης
724 4274 865 4364 εὐμαροῦς
885 4272 1082 4363 χειρώματος.Ι
