2884 4660
669 361 883 432 ...16-

244 554 284 642 epi
307 547 339 621 si
361 555 521 640 πραπίδων,
534 555 671 632 tapeta«
717 548 801 616 unde
823 549 900 616 satis
922 547 1026 618 clucet
1047 549 1171 634 egrcpie
1201 571 1309 621 errius

243 659 298 739 qui
319 658 352 722 in
374 659 535 744 κάπαρκεΐο
551 654 772 736 comprehendi
787 660 900 735 putant
921 661 974 737 ης)
998 661 1144 744 ἐπαρκεῖν.
1168 661 1309 725 ceterum

241 762 374 828 eandem
396 760 583 827 sententiam
604 759 692 825 locus
716 759 842 841 quidam
863 761 1064 844 persequitur
1086 761 1307 842 lheoguidcus

242 885 335 948 quem
358 865 432 947 quin
454 864 632 930 illustrandi
662 881 757 928 carisa
782 863 844 928 huc
873 863 1043 932 adiicerem
1063 864 1221 932 abstinere
1243 884 1308 932 son

242 969 331 1049 potui
352 970 413 1052 (vv.
436 967 680 1049 tiit—llihi:

345 1123 367 1162 ⁴⁵
398 1124 530 1208 γνώμην,
554 1117 661 1210 Κύρνε,
684 1121 751 1188 θεοί
774 1124 903 1202 θνητοῖσι
927 1123 1047 1190 διλοῖίσιν
1070 1123 1183 1210 α’ίριστον

448 1227 621 1313 ἀνθρώποις
646 1219 745 1310 γνώμη
767 1231 892 1312 πείρατα
915 1227 1025 1300 παντὸς
1047 1230 1124 1307 ἔχει.

397 1329 418 1394 oi
441 1323 553 1416 μακαρ,
588 1326 661 1402 ίςτις
683 1329 716 1415 δη
737 1357 786 1410 μιν
809 1333 876 1410 ἔχει
900 1335 1010 1416 φρεσίν,
1032 1326 1049 1416 ἢ
1072 1329 1148 1398 τολι)
1173 1333 1306 1418 κρείσσων

447 1431 542 1518 ὑβριος
565 1431 721 1517 οὐλομένης
743 1439 903 1513 λευγαλέον
926 1461 958 1499 τε
981 1433 1070 1520 κόρου.
1166 1461 1169 1468 ·

241 1593 335 1669 atque
358 1585 497 1652 ciusdem
520 1585 566 1649 rei
589 1589 699 1649 auctor
727 1589 775 1650 cst
799 1583 925 1666 Sappho
947 1585 1058 1668 (schol.
1079 1586 1168 1652 Pind.
1192 1586 1239 1652 Ol.
1262 1587 1303 1665 Π,

242 1698 298 1758 96;
320 1691 378 1772 frg.
404 1693 474 1773 80),
498 1689 656 1763 ὁτλοῢτος
679 1689 747 1756 alveo
766 1688 819 1762 scic
841 1691 947 1775 ἐρέτας
968 1691 1019 1758 οἶοι
1040 1692 1139 1777 οἱσίνης
1160 1691 1304 1776 πάροινος,

239 1795 353 1878 quihus
375 1793 537 1874 aptissime
560 1792 600 1854 ad
622 1796 764 1856 nostrum
786 1791 890 1856 locum
912 1792 989 1858 haec
1012 1791 1101 1858 addit
1122 1792 1304 1860 scholiasta:

240 1900 259 1986 ἡ
281 1899 344 1974 δ’ἐξ
364 1899 538 1983 ἀμφοτέραν
560 1893 658 1981 opaca·
681 1894 862 1976 εὐδαιμονίας
885 1899 953 1978 ἔχει
975 1896 1009 1964 τὸ
1032 1897 1129 1983 σ’ίκρον.

343 2003 391 2068 De
413 2020 461 2070 ur.
486 2003 653 2066 aet-395
684 1999 853 2064 novissime
885 1999 950 2079 egit
979 1997 1162 2080 Dindorlius
1185 1999 1217 2064 in
1240 1998 1305 2062 edi·

237 2109 331 2174 tionis
361 2104 457 2187 praef.
489 2124 519 2186 p.
551 2103 645 2170 LXV.
677 2108 771 2184 atque
802 2104 872 2183 ipsa
903 2102 1049 2185 Aeschyli
1078 2078 1175 2168 verba
1203 2104 1243 2186 V.‚
1262 2102 1302 2166 D.
1420 2105 1421 2110 ’

238 2211 416 2294 repperisse
438 2208 498 2274 sibi
521 2208 606 2272 visus
636 2213 685 2272 est
716 2207 898 2272 scribendo:
930 2204 1051 2296 οοὲρεστι
1081 2208 1166 2290 crode
1193 2210 1304 2290 ἀτίμως

238 2313 388 2403 ἁλοιὸόροις
421 2314 523 2398 dcccco
563 2313 721 2395 οἱφημέουο
751 2315 820 2376 ι’δοῖο
848 2312 932 2391 quod
966 2313 1078 2378 merito
1117 2331 1227 2376 vereor
1261 2328 1303 2375 ne

139 2430 143 2441 ¹
239 2437 351 2499 parum
372 2416 404 2482 in
428 2437 461 2482 se
483 2416 599 2480 haheat
621 2413 906 2480 commendationis.
944 2415 1091 2480 nimirum
1114 2414 1223 2480 reiecit
1240 2414 1303 2493 ille,

238 2527 274 2589 ut
294 2519 360 2586 iere
384 2519 512 2600 assolet,
537 2518 711 2582 Hermanni
734 2518 998 2597 emendationem,
1020 2520 1051 2584 in
1075 2519 1226 2601 quadum
1243 2536 1304 2598 pro

236 2627 355 2708 ἀτίμους
376 2624 533 2705 receperis
556 2624 695 2711 ἁληοοους
718 2622 801 2704 quod
823 2623 891 2703 ipse
915 2623 1114 2688 Hermarchus
1134 2623 1207 2688 olim
1229 2639 1304 2686 cou-

174 2757 177 2768 =
236 2730 365 2807 iecerat,
391 2746 454 2794 non
481 2727 572 2794 video
602 2727 676 2808 quid
708 2726 811 2790 minus
842 2725 967 2791 criticae
994 2726 1118 2810 legibus
1147 2735 1305 2810 repugnet

236 2838 292 2898 aut
314 2832 389 2915 quid
412 2831 515 2912 aptius
540 2830 713 2896 sententiae
737 2829 907 2910 excogitari
928 2831 1042 2911 possit:

486 2983 605 3072 τοὶρεστι
628 2983 713 3065 σιγοὶς
737 2984 878 3068 οέληστους
900 2985 1061 3073 ἀλοιδόρους

486 3089 614 3171 αἴσχιστ’
639 3089 808 3174 ἀφειμένων
830 3093 904 3154 iisd.

236 3265 329 3312 »ecce
361 3245 435 3310 dum
464 3244 646 3324 turpissime
680 3244 878 3308 desertorum
902 3243 1049 3327 (Menelai
1071 3245 1237 3332 imprimis)
1259 3247 1301 3311 si-

233 3350 330 3416 lentia
359 3367 422 3412 non
454 3347 604 3412 obliviosa
636 3348 757 3430 (raptae
788 3347 879 3411 videl.
912 3349 1031 3432 uxoris)
1062 3367 1163 3431 neque
1194 3354 1301 3416 tamen

234 3453 413 3521 maledica«
460 3451 586 3516 minime
610 3451 693 3516 enim
714 3456 803 3516 vates
836 3450 1024 3518 domesticos
1047 3453 1137 3526 decet
1160 3472 1197 3519 ea
1219 3473 1301 3535 quae

233 3554 385 3622 vocabulo
408 3555 527 3634 ἀτίμους
551 3553 726 3618 continetur
748 3555 919 3620 acerbitate
947 3561 1073 3637 tamque
1099 3573 1229 3636 prorsus
1251 3558 1299 3622 in-

234 3659 329 3740 digna
351 3658 497 3722 libertate
519 3656 626 3722 invehi
647 3657 679 3722 in
701 3677 808 3739 rogem
832 3659 1061 3740 dominumque.

338 3763 426 3828 Sicut
447 3763 506 3828 hoc
534 3761 619 3842 loco,
650 3764 694 3828 ita
716 3785 744 3830 v.
767 3771 829 3830 425
861 3784 984 3847 quoque
1013 3768 1131 3834 tuenda
1159 3773 1192 3837 ct
1220 3768 1299 3832 reci-

232 3867 347 3948 pienda
368 3867 444 3932 mihi
469 3867 612 3934 videntur
643 3887 723 3949 quac
755 3870 882 3934 inventa
904 3889 923 3934 a
945 3889 979 3936 se
1002 3871 1201 3941 Hermaunus
1230 3872 1298 3952 ipse

232 3973 356 4038 reiecit:
379 3977 526 4060 ἔμμορφοι
547 3973 645 4055 igitur
668 3973 752 4055 quod
775 3991 813 4038 ex
827 3973 926 4040 Paleii
949 3976 1212 4056 interpretatione
1235 3993 1299 4057 qua

231 4075 397 4142 lectionem
432 4078 458 4142 is
488 4077 649 4160 vulgarem
686 4078 825 4164 εὔμορφοι
861 4077 1011 4144 illustrari
1046 4097 1140 4161 posse
1169 4084 1298 4161 putaret

234 4179 375 4260 »integro
398 4200 537 4262 corpore,
559 4200 622 4248 non
646 4181 831 4260 combusti«,
855 4188 968 4262 poetae
983 4183 1183 4250 scribendum
1198 4181 1296 4248 luisse

229 4281 281 4347 ille
303 4283 448 4365 adnotat,
479 4285 553 4352 dum
576 4286 652 4366 ipse
675 4289 785 4350 contra
813 4284 964 4352 librorum
992 4286 1194 4368 amplectitur
1222 4303 1296 4351 auc-
