2884 4660
564 343 779 445 415-

135 577 227 656 puta:
257 577 410 654 νέφωννω
433 565 488 652 [ad
510 565 544 632 id
566 565 693 650 quidem
716 565 849 632 subiecti
878 564 947 632 loco
976 566 1088 634 ascisci
1116 564 1204 632 iubet

137 675 389 744 enunciationem
410 671 649 738 antecedentem
671 687 752 754 quoe
774 675 824 738 est
844 669 937 748 dude
958 671 1069 761 βρννὸν
1091 671 1204 749 Quodc-

137 785 195 848 θνιν
221 778 346 863 ptura]
384 777 406 844 δ’
410 781 539 859 ἐκγόνοις
571 772 741 864 deotpertus
768 775 846 864 Ἀρη
881 777 1026 845 πνεόντων
1059 771 1162 863 μεῖξιν
1187 774 1206 866 ἢ

137 888 260 962 tracter.
282 883 339 950 sed
360 880 583 966 primumquid
608 881 746 962 »posteri
756 879 1201 963 Trutinarum—Troianos

138 994 244 1056 autem
265 986 444 1054 srrmmatim
465 984 603 1068 produnt
633 984 730 1052 verbo
758 1001 837 1066 quae
866 983 1061 1066 praecedunt
1082 989 1206 1068 ἔχωσιν

129 1099 172 1160 et
194 1093 340 1182 ἕνρνέννε
379 1089 416 1156 ol.
441 1089 537 1156 etiam
559 1107 587 1154 ν.
612 1087 676 1156 342
699 1127 739 1136 —
762 1087 813 1153 hic
844 1087 885 1154 ad
916 1107 984 1155 rem
1005 1093 1042 1154 ut
1065 1089 1118 1171 qui
1140 1105 1205 1153 ma-

135 1198 257 1281 joribus
281 1194 441 1280 oppressis
463 1192 542 1258 nulli
570 1193 632 1258 iem
663 1194 814 1258 exsistere
836 1191 969 1274 putandi
991 1192 1076 1258 sint?
1103 1211 1206 1276 neque

137 1299 279 1384 prolecto
302 1299 402 1380 magis
425 1297 495 1362 illos
518 1313 612 1380 quam
634 1299 885 1380 unumquemque
909 1297 948 1361 de
971 1296 1076 1361 divina
1096 1315 1204 1362 rerum

137 1405 344 1480 humanarum
365 1399 586 1484 procuratione
608 1417 645 1464 ac
660 1401 798 1466 vindicta
810 1400 1005 1466 admonitum
1023 1399 1091 1466 vult
1103 1405 1206 1482 poeto.

140 1525 237 1589 qnare
259 1525 322 1572 non
345 1506 427 1571 mule
449 1505 490 1570 ad
512 1521 639 1570 sensum
655 1505 788 1570 coniecit
806 1503 1001 1587 Hartungius
1019 1503 1209 1587 Aeschylum

140 1611 265 1677 dedisse
294 1617 447 1693 πέφανται
476 1609 652 1676 δ’ίκτίνονσω
680 1611 778 1691 τόλμα
808 1608 867 1675 τῶν
883 1608 963 1697 ’Ἄρη
991 1638 1040 1677 eru.
1071 1615 1138 1677 κτλ.
1177 1605 1210 1672 id

141 1715 224 1798 quod
246 1713 391 1795 probavit
412 1711 548 1794 Engero.
571 1715 787 1778 verumtamen
808 1711 881 1778 vide
903 1731 943 1778 ne
965 1712 1153 1794 propensius
1169 1711 1211 1776 ad

139 1820 202 1884 loci
224 1819 391 1884 veritatem
414 1818 456 1882 sit
477 1835 535 1899 pro
558 1817 695 1898 ἐγγόνους
708 1815 862 1881 librorum
875 1817 1013 1883 scribere
1029 1815 1212 1905 ἐγκρατὴς

143 1922 231 1988 errius
268 1921 393 2003 quidem
424 1922 510 1986 vocis
547 1920 714 2000 vestigium
751 1920 836 2002 apud
867 1925 1010 1986 nostrum
1043 1925 1146 1986 exstat
1177 1919 1211 1984 in

142 2023 245 2089 Prom.
270 2042 297 2089 ν.
323 2029 378 2090 55:
409 2021 513 2111 νρνίννς
542 2029 693 2109 dymante.
725 2027 758 2088 et
784 2041 823 2090 ex
846 2023 1051 2090 usitatissima
1074 2022 1212 2089 dictione

143 2128 287 2217 ἐγκρατὴς
309 2131 465 2210 γίγνεσθαι
488 2146 511 2192 S.
535 2127 612 2195 εἶναί
628 2155 704 2202 τινος
733 2126 816 2209 quod
847 2133 896 2193 esi
927 2127 1077 2193 »alicuius
1100 2131 1213 2209 poten-

144 2239 222 2311 tem,
245 2233 348 2314 aliquo
372 2233 566 2313 superiorem
589 2249 660 2297 esse
683 2250 707 2296 s.
723 2229 810 2298 fieri«
834 2229 925 2296 facile
944 2229 1102 2312 colligitur
1117 2229 1211 2296 huius

143 2334 206 2400 loci
228 2335 339 2413 verba,
363 2335 389 2398 si
413 2335 538 2416 quidem
560 2354 635 2400 vera
651 2341 701 2401 est
717 2353 824 2400 eorum
841 2336 1034 2402 coniectura:
1057 2341 1212 2418 νέφωνννν

145 2440 166 2504 δ’
170 2437 314 2526 ἐγκρατὴς
342 2439 424 2505 croi·
450 2438 529 2525 Ἀρη
559 2467 608 2504 πν.
638 2447 704 2507 κτλ.
739 2439 784 2504 iia
812 2438 1023 2520 intellegenda
1044 2455 1129 2503 esse:
1161 2456 1214 2502 su·

144 2541 252 2624 perior
273 2539 375 2606 lactus
398 2545 462 2620 est,
493 2541 652 2606 victorae
674 2541 789 2608 vindex
811 2541 930 2606 exstitit
952 2541 1077 2622 Jupiter
1102 2559 1211 2607 eorum

143 2645 198 2729 qui
222 2663 301 2728 eqs.;
333 2649 382 2710 est
405 2645 488 2710 enim
510 2663 548 2710 ex
570 2649 742 2728 praeeunte
773 2649 892 2734 ἔκρανεν
913 2645 990 2721 Ζενς
1018 2644 1063 2710 ita
1086 2643 1213 2710 elicien-

146 2749 203 2814 dus
234 2755 285 2828 ut,
315 2748 418 2814 verbis
448 2749 500 2816 οὐκ
529 2753 591 2831 dota
622 2787 666 2797 -
693 2751 801 2838 ἀσεβής
830 2750 983 2814 sermonis
1010 2747 1216 2829 perpetuitati

145 2851 355 2934 interpositis
383 2854 416 2946 in
440 2853 629 2919 contrariam
651 2860 774 2934 partem
796 2853 837 2919 ad
860 2871 898 2919 ea
920 2870 1000 2936 quae
1022 2852 1095 2919 huic
1117 2852 1215 2918 inter·

147 2953 278 3020 clusioni
309 2956 500 3023 antecedunt
528 2962 706 3022 revertatur
741 2958 857 3023 oratio:
897 2955 975 3022 »fuit
1005 2955 1132 3038 quidem
1163 2956 1216 3038 qui

146 3056 306 3123 hominurn
329 3058 444 3124 delicta
466 3060 542 3125 deos
571 3079 680 3126 curere
710 3059 842 3126 sceleste
865 3065 1011 3141 negaret,
1044 3059 1109 3139 sed,
1132 3058 1216 3140 quod

148 3160 274 3245 quidem
296 3161 337 3226 ad
359 3162 519 3244 Troianos,
550 3181 641 3230 secus
670 3183 723 3230 res
753 3164 892 3230 cecidit«
938 3162 995 3229 tali
1021 3181 1096 3228 vero
1123 3163 1216 3227 modo

146 3265 174 3331 si
198 3263 422 3332 conformatam
451 3273 544 3350 atque
568 3269 836 3351 circumscriptam
868 3273 1010 3333 tenemus
1034 3266 1216 3345 orationem,

145 3390 209 3437 non
231 3371 400 3436 admodum
424 3369 589 3437 offensioni
612 3391 681 3439 esse
705 3376 812 3454 potest
839 3389 1004 3436 numerum
1028 3371 1218 3452 singularem

147 3475 247 3560 (Ζεὺς)
278 3479 352 3556 post
382 3493 411 3540 n.
435 3473 588 3555 pluralem
620 3479 717 3561 (deul)
744 3473 860 3541 inferri.
898 3473 982 3556 quod
1011 3473 1147 3556 denique
1176 3474 1218 3538 ad

147 3576 301 3661 reliquam
322 3579 415 3645 huius
438 3578 587 3659 strophae
613 3585 748 3660 partem,
775 3577 873 3643 verba
900 3577 1049 3662 φλεόντων
1079 3574 1218 3659 δωμάτων

147 3677 283 3767 ὑπέρφευ
313 3683 345 3746 id
380 3685 523 3764 spectare
551 3685 627 3764 puto
657 3689 694 3748 ut
725 3699 849 3748 causam
887 3679 1019 3748 afferant
1053 3700 1108 3746 cm·
1135 3682 1217 3744 iusto

149 3785 301 3852 maiorem
329 3785 456 3852 Troiani
477 3787 614 3854 Martem
642 3788 838 3869 spiraverint.
869 3788 902 3854 ed
932 3791 1084 3876 πραπίδων
1110 3791 1219 3868 λαχεῖν

148 3890 180 3953 in
205 3888 337 3956 eandem
361 3891 550 3956 sententiam
573 3889 791 3971 accipiendum
813 3895 863 3956 est
885 3908 947 3974 qua
968 3891 1119 3971 scriptum
1140 3889 1218 3970 legi·
1334 3968 1337 3975 ¹

150 4009 218 4059 mus
239 3995 272 4060 in
295 3995 425 4062 Eumen.
449 4013 478 4060 v.
503 3994 565 4061 526
590 3996 700 4077 ὁνίεννν
722 3995 835 4083 φρνννῗν
864 4001 958 4080 atque
988 3997 1032 4061 ita
1054 4011 1219 4078 argumen·
1267 4071 1273 4080 ,

149 4099 234 4160 tatur
256 4098 384 4165 chorus:
418 4099 518 4164 »absit
540 4099 618 4163 mihi
646 4099 741 4182 igitur
763 4097 889 4174 νλνῢννς
911 4098 964 4181 qui
986 4115 1050 4163 non
1073 4101 1122 4163 est
1143 4093 1218 4185 νἰνίν

148 4227 257 4282 μαντον
277 4201 308 4266 h.
330 4223 356 4268 e.
378 4203 432 4285 qui
461 4200 541 4290 cipro
569 4203 669 4285 gignit
698 4206 730 4266 et
760 4200 861 4289 ὕβριν,
895 4202 990 4266 immo
1019 4201 1218 4285 acquiescere

151 4305 239 4373 iuret
260 4304 293 4370 in
313 4323 390 4371 uera
411 4305 526 4374 mentis
560 4303 759 4372 senumve}
794 4304 878 4386 quod
903 4303 986 4370 idem
1016 4303 1165 4370 valet-
1187 4305 1219 4370 lu
