2884 4660
639 317 856 386 ...14-

219 509 381 577 auderem
404 505 542 588 conspici
569 505 714 574 ostendit.
766 506 823 574 sed
851 511 887 572 ut
909 461 1045 586 adanam
1068 503 1285 586 explicationis

86 685 92 698 ,
219 630 308 678 meae
329 611 461 678 reddam
483 611 646 690 rationem,
668 611 747 678 hoec
768 610 938 678 adnotasse
958 607 1109 676 sufficiet:
1132 614 1286 696 ἐρίδματος

213 716 301 802 ‚sicut
323 735 350 780 v.
375 735 399 780 e.
423 713 621 804 νιιιρδιόδηιιιιι
651 735 679 780 ι.
705 718 785 782 1439
809 733 903 782 sensu
926 715 1028 780 activo
1050 713 1168 780 dictum
1190 714 1287 797 signi-

219 817 292 886 ficat
316 819 536 886 »vehementer
559 819 754 902 opprimens
785 818 891 884 omnia
919 817 1061 884 ιιιιιιιιιιιι
1092 821 1236 884 evertens
1259 837 1302 886 a·

218 923 344 1006 penitus
366 941 495 1004 pessum
518 923 632 988 dense:
663 925 720 1010 ipae
742 927 864 1005 spectat
884 921 925 988 ad
948 921 1180 988 contentionem
1202 921 1287 988 inter

219 1025 398 1096 Menelaum
420 1031 452 1090 et
479 1025 640 1105 Paridem,
670 1026 753 1092 inter
776 1024 922 1092 ¹(iraeeos
953 1029 986 1092 et
1015 1025 1183 1102 Troianos,
1210 1021 1287 1111 ιίξύς
1415 1091 1416 1094 ,

220 1129 262 1196 ed
283 1127 419 1194 Menelai
448 1129 637 1196 maestitiam
669 1129 709 1194 de
736 1147 799 1210 aua
819 1127 942 1196 chorus
963 1128 1025 1194 iam
1048 1144 1146 1210 snpra
1167 1127 1232 1209 egit
1251 1129 1287 1194 in

222 1232 343 1300 stasimi
363 1233 403 1298 Π.
428 1233 558 1316 stropha
581 1238 615 1312 23
645 1233 742 1300 verba
772 1238 878 1300 autem
908 1249 988 1314 quae
1019 1251 1092 1299 mox
1114 1237 1287 1314 aequantur

222 1331 381 1414 ἀξύστατον
416 1337 505 1418 dapne
541 1337 666 1424 ἔπραξεν
701 1338 741 1420 (ι.
771 1338 865 1424 11435)
903 1341 1064 1402 cruentam
1099 1335 1284 1402 discordiam
1352 1353 1357 1360 ·

223 1439 306 1506 inter
336 1439 603 1522 Agamemnonem
633 1444 665 1505 et
688 1439 969 1523 Clytaemnestram
997 1440 1173 1506 aliciano
1195 1457 1288 1521 expe·

225 1542 343 1609 ditione
373 1547 512 1608 coortam
543 1543 731 1610 adumbrant
761 1543 849 1610 ouius
879 1543 926 1610 rei
955 1544 1073 1610 mentio
1095 1544 1128 1610 in
1151 1543 1196 1610 eis
1218 1561 1288 1610 ver·

224 1645 310 1712 sibus
332 1643 417 1710 iacta
445 1645 569 1712 videtur
597 1647 650 1729 qui
680 1647 753 1714 inde
777 1665 797 1710 a
817 1645 867 1714 aia
888 1647 919 1712 ii
941 1649 1056 1714 τελείαν
1087 1646 1118 1710 in
1147 1644 1285 1712 secando

224 1753 468 1830 anapaestorum
490 1754 660 1833 systemate
683 1750 880 1816 exciderunt:
911 1752 1000 1837 seips
1023 1754 1055 1816 et
1076 1755 1199 1831 γυναῖκα
1221 1765 1289 1815 sae-

223 1852 353 1935 pissime
375 1853 522 1918 maritum
546 1858 578 1919 et
599 1872 728 1920 uxorem
750 1854 855 1920 valere
877 1852 962 1937 (vide
984 1872 1012 1918 v.
1032 1873 1056 1918 e.
1079 1873 1128 1918 vv.
1153 1856 1235 1918 1360
1258 1856 1291 1918 et

227 1955 323 2042 1400)
339 1956 407 2040 quis
429 1955 574 2037 ignorat?
597 1958 680 2040 quod
702 1961 808 2024 autem
831 1957 1086 2024 Schneidewinus
1107 1975 1165 2040 pro
1182 1952 1291 2045 ἦιιςῆν

226 2059 359 2126 coniecit
380 2055 459 2140 odae,
483 2061 624 2144 quamvis
646 2060 726 2128 bene
755 2061 796 2125 ad
819 2080 945 2128 sensum
977 2061 1138 2126 inventum
1160 2060 1292 2127 verebar

224 2183 265 2228 ne
286 2181 398 2246 parum
421 2165 602 2230 conveniret
625 2165 758 2231 orationi
784 2164 926 2246 poeticae
951 2181 1053 2248 neque
1076 2164 1152 2230 satis
1180 2181 1291 2235 neces-

227 2266 341 2334 sariam
362 2268 474 2334 lectori
496 2267 622 2334 offerret
643 2269 870 2352 interpretandi
893 2287 1027 2334 causam.

333 2371 396 2438 Sed
424 2371 498 2438 illua
530 2373 695 2440 redeamus
725 2373 808 2440 unde
839 2391 946 2440 sumus
975 2373 1124 2454 digressi,
1157 2377 1193 2438 ut
1222 2391 1294 2456 per-

119 2466 122 2474 ’
228 2474 334 2540 multis
364 2495 381 2542 e
410 2474 488 2542 locis
518 2475 574 2540 ubi
609 2475 761 2542 librorum
794 2475 964 2542 memoriae
1002 2474 1208 2542 diffidendum
1245 2479 1297 2542 est

229 2577 379 2661 eligamus
409 2599 463 2646 eos
493 2600 626 2664 quorum
654 2581 694 2646 ad
722 2581 990 2658 emendationem,
1020 2580 1085 2646 sive
1114 2580 1147 2646 in
1176 2578 1294 2646 nullius

228 2683 330 2749 adhuc
352 2685 629 2766 reprehensionem
658 2688 859 2754 incurrerunt
880 2685 946 2750 sive
968 2683 1022 2748 alii
1044 2685 1108 2750 iam
1129 2683 1189 2750 viri
1211 2682 1297 2750 docti

228 2787 261 2852 in
284 2788 478 2872 corrigendis
492 2790 537 2856 eis
550 2782 794 2858 consumserunt
807 2807 949 2873 operam,
973 2807 1036 2854 non
1059 2787 1137 2854 nihil
1154 2785 1296 2854 conferre

228 2911 323 2976 posse
345 2892 497 2960 videmur.

332 2996 369 3061 V.
396 3001 456 3062 126
478 2996 666 3067 vocabulum
688 2991 846 3082 κνεφάζειν
875 2995 914 3060 ab
942 2993 1094 3060 hocloco
1117 2993 1298 3076 discrepare

231 3102 346 3184 quippe
369 3100 540 3168 absurdum
562 3100 602 3166 ad
626 3101 693 3168 eius
717 3100 906 3167 sententiam
932 3117 995 3164 non
1017 3117 1096 3179 opus
1119 3097 1180 3164 erit
1200 3095 1297 3177 pluri-

230 3206 290 3272 bus
321 3223 486 3287 exponere.
517 3205 599 3272 ultro
628 3205 716 3288 quasi
743 3225 778 3272 se
808 3202 900 3270 offert
925 3197 1081 3290 σκιάζειν,
1104 3202 1149 3268 ila
1171 3205 1206 3266 ut
1227 3225 1299 3287 arpo-
1349 3247 1355 3264 .

232 3305 352 3377 τύπτειν
387 3308 493 3390 »prius
524 3313 709 3390 percutere«
747 3325 874 3374 causam
907 3306 1054 3373 exhibeat
1087 3323 1149 3388 qua
1184 3298 1300 3386 στόμιον

232 3420 313 3496 μέγα
336 3417 441 3501 Tne,
471 3411 502 3476 h.
526 3431 551 3478 e.
580 3411 773 3478 Graecorum
811 3410 974 3492 exercitus,
1001 3407 1178 3490 dissipatam.
1216 3407 1300 3489 quod

233 3523 340 3596 autem
370 3516 654 3582 Rauchensteinins
685 3515 836 3581 divinavit
872 3514 1028 3600 (Aarauer
1061 3509 1240 3593 Sohulprgr.
1271 3529 1299 3576 a.

234 3622 332 3707 1858)
354 3625 481 3706 poetam
501 3621 664 3703 scripsisse
686 3615 801 3714 δαμάσῃ
818 3620 889 3686 ideo
908 3617 1054 3700 displicet
1069 3615 1153 3700 quod
1171 3611 1300 3698 inpares

235 3725 397 3808 amplioris
420 3729 469 3792 cst
490 3724 627 3790 notionis
655 3743 759 3809 neque
787 3723 864 3792 satis
896 3721 1046 3788 concinne
1074 3735 1142 3786 rem
1170 3718 1218 3786 de·
1240 3735 1302 3800 qua

235 3828 339 3914 agitur
362 3828 515 3910 designat.

339 3935 376 4000 V.
403 3937 464 4014 358
487 3933 560 4001 libri
581 3933 736 4015 praebent
757 3939 913 4016 πέφανται
934 3928 1094 4012 resana
1114 3928 1155 4011 (ι.
1172 3925 1193 3990 l.
1216 3930 1301 4006 ἐιινὸ-

236 4038 311 4122 aava)
334 4035 504 4128 ἀτολμήνων
535 4039 588 4128 ὄρη
616 4033 884 4123 πνεόντωνμείζιν
906 4034 923 4124 ἢ
945 4036 1147 4108 inaniorem.
1190 4028 1301 4112 quibus

237 4143 379 4230 proiecta
395 4144 441 4210 nil
463 4145 655 4228 eanmptius3
678 4143 735 4210 sed
758 4141 914 4225 quomodo
936 4139 1009 4206 hnic
1030 4138 1100 4202 loeo
1119 4131 1302 4202 subvenien-

239 4249 314 4318 dum
325 4249 493 4334 queantur.
516 4251 580 4317 iam
589 4268 660 4316 cum
671 4247 861 4331 Hermanno,
876 4246 904 4314 si
914 4245 1028 4328 placet,
1044 4241 1090 4310 ita
1103 4235 1302 4308 scribendum
