2884 4660
575 378 793 448 ..r-„132-

134 591 277 654 ·semper
297 567 449 636 librorum
472 589 531 651 ope
553 567 621 635 fieri
646 573 781 648 constat,
811 567 892 649 sive,
924 584 995 633 cum
1024 587 1154 652 prorsus
1178 585 1215 634 ea

151 695 261 744 sumus
284 673 433 751 destituti,
456 673 555 738 libere
576 677 791 742 verumtamen
808 677 899 738 ceute
920 671 1011 739 lactis
1029 670 1217 738 coniecturis

152 779 372 845 subveniamus
395 777 440 842 eis
456 781 590 857 oportet.
635 777 690 842 sed
705 776 888 856 priusquam
902 775 983 840 hauc
995 773 1215 858 disputationis

153 901 241 948 meae
263 887 385 963 partem
407 897 595 963 persequar,
626 879 758 944 duorum
788 897 937 946 versuum
968 893 1132 944 censuram
1162 876 1216 942 ab·

152 986 274 1053 solvere
302 985 406 1067 placet
435 985 549 1066 quibus
578 983 610 1047 in
641 983 772 1049 edendis
802 1001 866 1047 uon
896 983 1008 1048 adduci
1030 1001 1158 1064 passuum
1181 985 1218 1046 ut

152 1092 285 1159 aliorum
316 1089 481 1155 sententiis
510 1089 677 1153 obsecutus
709 1105 727 1151 a
749 1086 900 1152 librorum
922 1087 1108 1151 anctoritate
1130 1105 1217 1150 rece·

152 1195 240 1259 darn:
263 1194 295 1257 hi
318 1180 423 1257 autem
446 1197 520 1256 sunt
541 1209 651 1256 versus
676 1195 738 1254 784
754 1195 786 1255 et
807 1191 1026 1254 lota-1429.
1070 1187 1103 1254 in
1119 1188 1216 1269 priori

151 1297 220 1364 loco
243 1295 377 1364 delendo
400 1296 483 1376 quod
507 1294 577 1360 libri
600 1295 749 1359 exhibent
769 1293 811 1380 τῷ
834 1294 977 1380 δ’ένοντίρ
999 1284 1077 1360 κύτει
1102 1292 1105 1378 l
1130 1295 1217 1369 ἐλπὶς

152 1397 267 1489 προοηει
289 1399 390 1488 χειρὸς
418 1399 450 1466 οὐ
480 1407 663 1486 πληρουμένη
693 1398 777 1478 quod
805 1397 889 1462 facili
917 1397 1042 1479 negotio
1071 1397 1155 1461 hunc
1186 1397 1217 1461 in

152 1521 278 1571 sensum
292 1503 499 1585 intellegitur:
522 1505 563 1568 ad
578 1502 710 1567 alteram
733 1500 1080 1568 vero-absolventium
1097 1505 1218 1582 puta—

151 1627 279 1686 urnam,
301 1614 337 1672 ut
360 1625 441 1688 quae
462 1607 580 1672 nullius
603 1605 759 1671 calculum
782 1605 950 1670 inlicientis
973 1605 1024 1669 dei
1045 1623 1139 1669 manu
1161 1605 1219 1668 im·

150 1711 298 1793 ploratur,
321 1731 408 1777 mera
431 1711 564 1777 accessit
577 1709 665 1791 Spes.
691 1709 822 1774 sublicio
845 1707 931 1773 locos
953 1708 1073 1789 aliquot
1095 1725 1133 1772 ex
1148 1707 1217 1788 ipso

151 1816 302 1900 scripture
314 1821 422 1882 nostro
434 1814 546 1879 allatos
559 1814 649 1878 Eum.
665 1817 726 1878 557
750 1810 884 1893 σάλπιγξ
902 1815 1030 1899 βροτείου
1052 1812 1219 1892 πνεύματος

152 1925 345 2005 πληρουμένη,
363 1919 448 1998 Sept.
459 1923 521 1982 445
533 1913 914 2002 φοριοί-μοκπηροκόμποις
924 1911 1085 1997 πνεύμασιν
1095 1912 1219 2002 πληροὺ·

151 2047 248 2102 μενοι,
278 2019 336 2101 frg.
361 2023 473 2097 30506
506 2025 658 2100 Αίγοπποο
679 2017 768 2100 οἷγνοῢ
790 2015 916 2101 saporo:
938 2024 1135 2104 πληρουμένη,
1166 2017 1220 2097 qui

153 2126 216 2189 sint
246 2126 432 2190 documento
461 2143 563 2206 neque
593 2124 653 2189 hoc
687 2128 795 2188 nostin
827 2122 895 2188 loco
927 2123 1093 2204 quicquam
1124 2139 1217 2203 posse

151 2229 275 2295 admitti
305 2246 367 2309 quo
395 2230 526 2295 verbum
558 2228 742 2317 πληροῢσθοι
766 2247 840 2294 casu
863 2247 923 2293 suo
946 2228 1044 2314 χειρὸς
1069 2227 1218 2306 nudatum

153 2332 180 2394 is
210 2332 293 2395 enim
323 2333 444 2396 notioni
474 2333 543 2413 eJus
566 2351 684 2398 vacuae
707 2351 765 2414 per
787 2351 822 2399 se
846 2337 878 2397 et
899 2332 984 2395 inani
1005 2329 1218 2396 necessarium
1328 2321 1332 2330 ’

154 2435 243 2499 addit
271 2433 532 2514 supplementum.
555 2474 598 2484 --
620 2437 657 2501 ln
689 2437 817 2501 edendis
840 2437 982 2502 versibus
1008 2436 1218 2500 llas-1429
1289 2501 1295 2506 ,

153 2539 353 2604 Hermanuus
376 2543 408 2602 et
421 2538 566 2619 Engerus
589 2538 754 2604 lectionem
776 2540 934 2622 vulgatam
957 2557 1057 2619 aequo
1079 2538 1150 2622 plus
1172 2559 1221 2605 re-

151 2639 368 2721 pudiaverunt.
414 2659 548 2722 namque
565 2660 622 2722 pro
645 2640 708 2730 ἥτις
730 2639 772 2728 ἢν,
794 2642 878 2723 quod
901 2659 940 2706 ex
962 2642 1219 2722 interpretatione

152 2743 293 2809 additum
315 2750 412 2826 patet,
437 2745 604 2810 dummodo
628 2747 691 2811 tale
714 2746 798 2828 quod
813 2745 943 2822 verbum
960 2746 1108 2812 restituas
1128 2745 1220 2826 quale

152 2848 350 2928 glossematis
380 2849 465 2914 illius
497 2849 638 2931 indigere
667 2850 827 2915 videretur
856 2851 1036 2931 interpreti,
1073 2849 1105 2914 id
1136 2849 1220 2930 quod

153 2951 259 3015 nescio
281 2970 321 3016 an
344 2952 436 3017 cadat
458 2954 490 3017 in
511 2953 714 3035 participium
738 2953 837 3036 odeo,
868 2955 944 3020 satis
974 2954 1057 3019 bona
1079 2958 1129 3020 est
1151 2971 1221 3019 sen·

153 3051 253 3118 tantia
275 3054 443 3120 verborum

354 3158 397 3246 5η]
420 3154 624 3243 πολύμναστον
646 3164 798 3247 ἐπηνθίσω
822 3161 879 3245 οἶμ’
903 3161 1024 3230 ἄνιππον

352 3261 435 3345 odra
457 3264 513 3331 ποτ’
539 3273 571 3333 ἐν
594 3263 720 3348 ὃὸμῠοσιν

351 3371 408 3455 ἔρος
430 3373 597 3456 ἐρίδματος,
621 3371 721 3458 ἀνδρὸς
743 3370 817 3458 οἰζύς
1045 3433 1046 3438 ,

151 3471 178 3536 si
201 3471 328 3552 quidem
349 3471 428 3536 haec
451 3472 496 3538 eis
519 3473 696 3539 subiicitur:
722 3473 1027 3557 »multumprolecto
1049 3476 1217 3542 recordan-

152 3574 227 3640 dum
247 3574 334 3642 illum
350 3589 453 3659 neque
466 3576 634 3643 eluendum
657 3580 729 3645 inde
751 3579 935 3660 adspersisti
954 3579 1011 3644 tibi
1027 3579 1220 3661 sanguinem

79 3677 84 3681 ’
152 3678 237 3758 quod
261 3679 433 3746 domitum
456 3681 501 3766 (in
522 3681 657 3745 Menelai
678 3681 826 3748 videlicet
847 3684 948 3768 regia)
978 3684 1109 3750 exitiosa
1141 3685 1218 3765 rixa,

151 3781 293 3863 coniugis
315 3799 440 3850 maeror
462 3785 504 3870 (h.
520 3805 545 3852 e.
570 3803 621 3851 res
644 3805 668 3851 s.
692 3788 824 3852 materia
845 3788 932 3854 rixae
946 3794 1040 3869 atque
1056 3787 1220 3872 maeroris)

151 3885 328 3952 exstitisti«
383 3887 432 3952 his
462 3889 559 3969 igitur
589 3890 692 3955 verbis
716 3891 847 3971 chorus,
878 3890 1044 3973 postquam
1067 3896 1099 3957 et
1121 3891 1221 3973 publi-

153 3994 261 4054 caset
281 3991 521 4072 privatasquas
538 3993 662 4060 Helena
686 3995 853 4060 concitavit
876 3994 1069 4061 calamitates
1092 4013 1219 4062 enume-

152 4089 233 4153 ravit
254 4095 313 4173 (vv.
338 4093 579 4180 1418-1426),
609 4098 649 4161 ad
672 4098 749 4179 ejus:
764 4103 889 4177 raptum
910 4096 960 4162 vel
982 4097 1218 4180 potiuslugam

152 4193 304 4260 recedens
333 4199 396 4264 iam
428 4200 460 4264 in
483 4200 544 4265 hoc
566 4199 685 4266 scelera
708 4201 824 4282 quippe
846 4202 879 4265 in
902 4202 1041 4267 omnium
1062 4202 1218 4269 malorum

150 4295 305 4377 principio
334 4315 372 4364 ac
395 4297 487 4366 lonte
517 4299 669 4366 Helenam
705 4298 847 4366 infinitae
883 4301 989 4368 caedis
1025 4303 1218 4384 insequentis
