2884 4660
649 334 863 402 ...10-

325 519 434 592 (lassa
456 525 561 606 μνίνννσ
581 521 610 604 μ’
632 521 795 592 ’dromos
816 519 880 609 τῷδ’
904 525 1066 608 ἐπίστησον
1086 530 1177 594 τέλει.

326 626 418 694 Char.
459 623 615 714 ἁβρὺνετνν
637 624 695 714 peip
716 624 776 702 πνῖς
797 651 842 702 τις
863 621 897 694 εὖ
919 624 1057 714 πράσσων
1078 635 1181 698 πλέον.

326 730 413 800 Cass·
457 730 513 819 πρὸ
535 729 585 800 τοῦ
607 733 664 815 μὲν
685 730 773 808 αἰδὼς
794 726 828 820 ἦν
850 731 917 815 spol
938 738 1035 814 λέγειν
1056 733 1140 801 τάδε.

326 836 419 903 Char.
458 833 522 921 μῶν
545 837 596 905 νιν)
616 835 690 912 θέον
710 863 766 924 περ
788 844 876 925 pepp
898 845 1123 924 νεπληνμέννςς

327 941 413 1010 Cass.
459 943 523 1012 ἀλλ’
548 972 582 1032 ην
604 940 772 1032 παλαιστὴς
793 942 872 1030 uolpr’
898 944 966 1025 ἐμοὶ
987 949 1083 1010 πνέων
1104 942 1205 1030 χάριν.

221 1046 263 1112 ad
286 1046 373 1114 ohori
395 1046 492 1128 igitur
514 1046 610 1112 verba
631 1064 712 1130 quae
733 1045 943 1128 praecedunt:
966 1043 1116 1133 θαυμάξω
1139 1051 1171 1115 δέ
1191 1073 1252 1124 σου,

375 1149 483 1230 π’ννννν
504 1157 597 1238 πέραν
617 1155 779 1238 νρνφεῖἃαν
801 1148 941 1237 datispp
960 1151 986 1217 ’ν
1007 1147 1093 1218 πόλει

376 1260 470 1342 κυρεῖν
492 1263 645 1337 λέγουσαν,
668 1252 767 1343 ὥσπερ
789 1259 819 1322 εἰ
836 1255 1037 1343 παρεστάτεις.

224 1356 403 1426 Cassandra
433 1358 611 1440 respondit:
645 1377 709 1426 uon
741 1363 790 1425 est
819 1358 903 1440 quod
932 1359 1073 1438 mireris,
1106 1358 1175 1439 ipse
1207 1357 1289 1423 eninr

224 1462 301 1530 deus
324 1463 437 1544 Apollo
458 1463 531 1528 huic
553 1481 604 1528 me
626 1461 780 1543 praefecit
793 1462 1025 1530 vaticinationis
1047 1461 1177 1528 muneri.
1222 1466 1290 1526 tum
1427 1485 1428 1500 ν

225 1565 352 1634 ohorus:
376 1565 511 1649 superbe
534 1565 762 1649 soilioetatque
776 1565 956 1646 insolenter,
979 1583 1168 1647 quamquam
1183 1583 1291 1646 super·

223 1670 291 1737 bire
313 1689 376 1737 nou
398 1670 559 1736 hominum
582 1674 631 1736 est
652 1669 714 1736 nisi
740 1669 772 1734 in
795 1670 889 1736 rebus
912 1669 1058 1736 seoundis
1081 1668 1291 1748 versantium

224 1781 260 1840 tu
288 1780 394 1842 autam
422 1774 516 1841 rebus
547 1773 616 1840 istis
645 1772 786 1840 adversis
815 1773 959 1853 incitata,
993 1779 1029 1838 ut
1054 1773 1195 1851 videtur,
1226 1776 1292 1836 tam

168 1907 170 1910 ·
225 1878 374 1946 insolenti
404 1877 564 1944 indulsisti
593 1879 803 1945 ostentationi.
857 1878 1005 1944 adhaec
1036 1877 1228 1945 Cassandro:
1260 1875 1293 1940 id

226 1999 267 2048 ne
296 1983 383 2064 prius
413 1980 470 2048 tibi
500 1979 682 2064 profiterer,
714 1983 816 2064 pudor
846 1981 1007 2063 prohibuit
1027 1999 1065 2047 aa
1086 1979 1292 2048 verecundia:

226 2086 400 2154 verendum
421 2085 505 2150 enim
527 2091 596 2152 erat
616 2104 672 2168 ne,
696 2086 723 2152 si
744 2087 833 2168 prius
856 2087 1055 2154 ostenderem
1078 2103 1172 2175 quarn
1193 2085 1293 2151 mani-

226 2188 316 2258 festis
350 2190 546 2256 documentis
577 2187 656 2258 fides
688 2189 886 2257 divinationis
918 2207 1006 2257 meae
1037 2189 1095 2256 tibi
1126 2195 1227 2267 esset,
1258 2192 1294 2274 ut

224 2313 309 2360 nuno
332 2299 389 2375 est,
414 2291 626 2374 comprobata,
647 2311 761 2375 parum
777 2292 856 2360 illud
871 2293 928 2359 tibi
942 2293 1174 2375 persuaderem,
1197 2293 1293 2358 immo

223 2397 268 2464 nil
302 2396 364 2474 nisi
395 2395 559 2463 deridendi
593 2397 654 2462 mei
686 2397 793 2463 darem
826 2395 1017 2464 iaordtstem.
1072 2401 1140 2462 tum
1176 2396 1290 2462 chorus

224 2501 318 2568 aliam
339 2506 466 2585 praetor
494 2519 564 2568 eam
590 2518 684 2582 quam
706 2501 795 2585 virgo
818 2503 979 2568 excusavit
1002 2519 1129 2567 oensem
1153 2504 1233 2568 arbor
1247 2497 1294 2564 illi

224 2606 354 2673 subesse
376 2605 541 2688 suspirans
562 2621 626 2670 non
649 2604 717 2670 siue
740 2604 875 2686 quadam
892 2603 1088 2670 cavillatione
1103 2605 1293 2686 interrogat:

223 2708 287 2792 μῶν
309 2708 361 2776 κν)
382 2708 454 2784 &ede
475 2735 531 2796 orep
553 2715 641 2795 ἱμέρῳ
664 2715 889 2796 πεπληγμένῳ
921 2707 962 2774 ad
985 2707 1069 2789 quod
1092 2725 1109 2772 e
1132 2705 1289 2788 prioribus

223 2812 434 2879 revocandum
472 2816 521 2878 est
554 2811 619 2900 spii*
658 2819 818 2901 ἐπέστησεν
854 2819 934 2882 τέλει
972 2811 1067 2893 idque
1095 2829 1158 2876 nou
1189 2811 1292 2876 minus
1427 2829 1428 2836 ¹

225 2916 387 2984 commode
410 2933 505 2998 quam
524 2915 558 2980 iu
581 2935 620 2982 ea
640 2914 677 2982 fit
698 2935 778 2999 quae
801 2916 982 2984 Hermanno
1005 2915 1124 2998 placuit
1144 2929 1293 2981 versuum
1427 2925 1428 2950 ἒ

226 3020 440 3103 dispositione.
490 3037 574 3086 nuno
597 3021 724 3087 demum
747 3020 921 3104 suspitione
943 3018 997 3084 illa
1019 3035 1121 3101 neque
1144 3035 1183 3086 ea
1204 3035 1294 3099 pror·

172 3173 178 3190 ,
225 3141 278 3190 sus
308 3123 393 3188 inani
420 3121 537 3188 inieote
566 3121 744 3190 Cassaddra
774 3123 921 3190 distinete
951 3141 1019 3188 rem
1040 3123 1164 3204 operire
1187 3120 1291 3187 audet
1427 3153 1428 3164 ν

225 3226 310 3308 quod
338 3231 444 3293 autem
473 3243 569 3308 supra
598 3227 781 3311 scripsimus
810 3225 950 3315 ἀλλόθρῳ
970 3228 996 3295 ’ν
1018 3227 1105 3296 πόλει
1133 3244 1192 3307 pro
1220 3224 1294 3289 lv.

224 3329 391 3418 sarissa
421 3330 524 3408 ribo,
554 3330 673 3414 Engeri
704 3330 936 3412 elegantissima
965 3337 1014 3399 est
1045 3328 1222 3397 emendatio
1254 3327 1294 3392 de

225 3451 288 3518 qua
309 3435 452 3517 pluuibus
475 3435 624 3504 disseruit
646 3436 678 3502 in
693 3435 864 3504 Muetzellii
886 3435 1000 3532 annali.
1023 3455 1050 3501 a.
1070 3438 1151 3500 1856
1165 3431 1241 3499 rosc.
1254 3430 1294 3497 X.

224 3557 254 3622 p.
279 3542 350 3604 726.

328 3641 366 3708 ln
396 3643 495 3710 altero
527 3660 621 3726 quem
644 3661 740 3726 supra
762 3643 966 3712 indicavimus
988 3641 1057 3707 loto
1081 3640 1196 3722 quique
1217 3637 1296 3719 legi·

224 3751 277 3812 tur
298 3747 372 3814 inde
393 3765 413 3814 o
434 3765 528 3814 versu
544 3749 605 3812 862
630 3765 728 3829 usque
751 3750 793 3814 od
814 3767 842 3814 v.
862 3752 925 3813 870
948 3745 1069 3827 primus
1092 3745 1177 3827 quod
1198 3742 1296 3808 sciam

227 3849 264 3916 G.
287 3849 489 3918 Hermaunus
520 3850 600 3916 vidit
630 3851 791 3934 vulgarem
821 3852 917 3918 trium
947 3868 1096 3916 versuum
1123 3846 1296 3914 sos-868

225 3953 368 4020 ordinem
398 3973 461 4021 non
491 3959 581 4022 reete
610 3973 644 4022 se
673 3956 801 4021 habers.
856 3953 909 4036 qui
936 3972 1012 4020 vero
1042 3970 1103 4034 quo
1131 3951 1225 4016 modo
1253 3948 1297 4014 sit

225 4059 440 4126 restituendus
470 4059 545 4127 licet
575 4060 693 4142 ambigi
726 4059 841 4140 possit,
876 4059 975 4125 satius
1009 4056 1155 4140 equidem
1189 4059 1297 4120 tamen

227 4160 302 4227 duxi
330 4163 515 4248 adstipulari
543 4163 610 4230 viro
638 4162 684 4228 illi
714 4162 842 4243 egregio
871 4161 932 4229 nisi
962 4161 1046 4243 quod
1073 4177 1137 4226 uon
1168 4156 1297 4243 pelosio

226 4262 303 4356 ἦμαρ
326 4305 367 4318 -
389 4268 471 4337 male
500 4267 585 4335 enim
612 4263 691 4356 ἦμαρ
720 4263 762 4330 od
792 4265 918 4352 γαληνὸν
948 4265 1103 4348 quadrare
1135 4280 1207 4330 cum
1238 4277 1297 4341 por
