2884 4660
567 373 786 450 ..25-

146 579 201 644 »ut
221 573 340 640 inimici
367 573 430 638 mei
459 573 598 654 ipsorum
628 569 787 652 suppliciis
809 569 870 635 hcc
901 587 1004 636 meum
1027 572 1212 654 supplicium

144 678 320 762 rependant
336 675 415 743 meis
437 673 640 742 vindicibus«
665 673 778 756 quibus
800 673 914 739 similia
936 679 1009 740 sunt
1031 693 1110 758 quae
1132 673 1214 742 inira

146 781 185 848 de
207 781 440 864 Agamemnone
461 779 609 860 leguntur
630 796 678 842 vv.
705 775 929 842 1299--13002

395 939 447 1019 rssq'
470 943 542 1002 reice
564 933 685 1002 θανοέσι
708 935 810 1002 θανὼν
834 935 933 1004 ἄλλων

398 1041 500 1114 racadu
524 1041 666 1106 θανάτων
688 1042 858 1128 ἐπικραίνει.

149 1215 258 1266 verum
280 1195 372 1262 huius
394 1193 456 1274 laci
478 1212 559 1277 quae
581 1191 748 1258 manifesto
770 1192 802 1258 in
817 1191 905 1258 libris
920 1199 1023 1260 exstat
1041 1196 1218 1278 corruptela

147 1303 174 1369 si
207 1300 330 1386 quaeris
361 1299 445 1364 uude
474 1296 616 1380 proiecta
644 1296 686 1360 sit
713 1295 866 1377 putanda,
901 1315 921 1361 a
948 1297 1217 1366 verisimilitudine

148 1405 229 1470 haec
271 1407 408 1468 statuere
448 1418 512 1466 non
550 1399 721 1464 abhorrere
764 1397 900 1464 ridetur:
945 1401 1017 1481 quia
1051 1402 1218 1468 verborum

151 1615 270 1692 specta,
300 1626 366 1676 voc.
396 1612 486 1690 ciacc
513 1607 649 1690 primum
675 1605 708 1670 in
738 1604 810 1684 ἐμοῦ
836 1609 904 1668 tum
933 1604 965 1669 in
996 1607 1066 1689 ὁμοῦ
1088 1607 1218 1676 abiisse:

152 1731 214 1794 quc
236 1712 333 1780 semel
356 1716 478 1778 mutato
500 1707 713 1776 accusativum
739 1709 791 1776 τὸν
818 1714 890 1788 ἐμόν
913 1727 984 1774 cum
1005 1710 1049 1776 nil
1071 1711 1132 1777 iam
1158 1730 1218 1794 quo

150 1813 322 1883 referretur
365 1813 514 1890 haberet,
558 1812 600 1878 ad
642 1810 881 1878 antecedentem
923 1812 1059 1878 dativum
1095 1819 1223 1902 ἐχθροῖς

149 1917 375 2000 φανεῖσι-εἰσ
392 1916 475 1982 cuim
488 1915 570 1981 iuter
592 1931 662 1982 sese
677 1914 739 1980 iam
755 1931 837 1997 pane
854 1915 964 1982 coiisse
978 1916 1075 1984 verba
1087 1919 1223 2006 ἐχθρῶς
1293 1965 1297 1976 1

152 2023 267 2102 atara
296 2055 338 2070 -
369 2017 607 2086 accomodatum
635 2033 713 2082 esse.
748 2015 858 2098 quodsi
887 2017 946 2084 hac
973 2025 1082 2086 nostra
1116 2037 1225 2086 emen.

150 2123 246 2190 dandi
268 2122 391 2190 ratione
413 2127 445 2188 et
467 2120 641 2188 sententiae
663 2125 696 2185 et
715 2118 867 2184 librorum
881 2122 1125 2188 memoriaenon
1140 2125 1220 2190 maie

149 2224 346 2294 satisfactum
366 2220 525 2302 videatur,
547 2224 580 2291 id
601 2220 743 2306 proiecto
766 2221 872 2289 mirari
894 2223 989 2290 liceat
1008 2223 1221 2293 Hermanuum

152 2335 185 2396 et
207 2330 259 2414 qui
289 2329 355 2396 eius
377 2327 510 2407 vestigia
538 2330 612 2392 sunt
640 2325 799 2407 persecuti
831 2326 910 2390 tanti
939 2325 1051 2394 iecisse
1075 2327 1222 2411 Hesychii

152 2433 289 2514 glossam
311 2448 391 2515 quae
414 2436 475 2496 est:
507 2427 647 2504 ἀσκεὸοις·
675 2431 790 2512 ψιλοῖς,
820 2429 1044 2514 &rapotendorf
1068 2433 1223 2511 Αίσχὺλος

150 2535 370 2615 Ἀγαμέμνονι,
402 2537 437 2596 ut
465 2531 506 2596 ad
538 2529 641 2596 denuc
671 2528 760 2610 quasi
783 2527 995 2610 effingendam
1017 2531 1099 2598 hunc
1120 2531 1223 2599 locum

153 2655 280 2704 causam
302 2636 375 2702 inde
396 2639 541 2716 repetere
562 2649 626 2698 neu
649 2631 836 2698 dubitarent.

263 2741 483 2804 ruer-1480.
527 2735 565 2802 In
596 2734 780 2818 explicanda
809 2733 914 2800 vexati
942 2735 1036 2802 huius
1063 2736 1125 2804 loci
1156 2755 1225 2804 sen-

153 2841 253 2910 tentia
276 2839 511 2908 Schneidewinc
534 2837 662 2926 accidit,
685 2842 720 2901 ut
735 2835 906 2902 subtilioris
923 2836 1102 2920 interpretis
1118 2845 1225 2920 partes

156 2961 252 3026 agens
274 2945 306 3010 in
328 2943 456 3010 dumeta
487 2941 577 3024 quasi
605 2945 792 3021 ccrreperet.
822 2939 945 3034 planius
974 2949 1084 3007 centra
1106 2941 1230 3008 verius·

158 3063 218 3127 que
245 3046 342 3112 verba
372 3044 546 3110 enucleavit
580 3041 732 3125 Engerus
763 3039 874 3123 quibus
914 3041 1036 3125 singula
1072 3045 1225 3126 quaedam

156 3144 273 3214 adiere
295 3148 397 3214 liceat.
420 3163 487 3212 vec.
510 3143 672 3230 βιάζεσθαι
701 3161 796 3212 sensu
816 3143 942 3226 passivo
965 3145 1015 3210 hic
1038 3147 1154 3211 dictum
1178 3150 1227 3213 cst
1309 3229 1314 3238 „

158 3249 351 3334 significans:
378 3250 436 3328 »vi
453 3249 584 3315 invitum
599 3248 730 3322 accersi,
742 3246 861 3328 adigi«;
879 3253 910 3316 ts
927 3250 1009 3331 quod
1027 3251 1166 3333 sequitur
1178 3257 1226 3318 est

159 3373 331 3438 »namque«
340 3372 414 3420 num
426 3370 462 3418 re
468 3371 543 3420 vera
549 3371 607 3436 per
617 3352 779 3435 enallegen
788 3357 884 3434 poeta
900 3354 1060 3436 scripserit
1075 3353 1227 3440 όμὸσποροι

158 3463 290 3548 ἐπιρροαὶ
311 3459 445 3540 αἱμάτων
466 3475 524 3539 pro
548 3457 717 3544 ὁμοσπόρων
741 3458 871 3542 ἐπιρροαὶ
899 3459 1033 3538 sipara-c
1061 3458 1093 3522 in
1123 3459 1226 3524 medio

156 3562 365 3644 relinquatur:
390 3559 574 3628 addubitare
597 3559 807 3642 nequeumt,
832 3558 905 3641 quia
921 3561 1020 3642 ipsius
1035 3561 1082 3627 rei
1096 3567 1227 3628 naturae

159 3683 239 3746 quae
261 3670 374 3742 uipera
396 3665 543 3752 ὁμὸσπορκ
573 3680 667 3728 unam
698 3679 829 3744 eamque
858 3664 1040 3746 primariam
1069 3668 1228 3731 notionem

159 3774 230 3852 (nos
255 3766 509 3848 »Vetiei'nblut«;
532 3766 616 3833 idem
639 3766 721 3849 quod
748 3767 856 3852 πάχνη
886 3767 1051 3857 νννροβόρος
1079 3787 1104 3834 v.
1132 3769 1228 3851 1480)

160 3869 284 3940 efficere
314 3869 450 3936 ostendit
480 3870 556 3936 illud
588 3876 765 3938 structurae
800 3887 899 3950 genus
928 3891 1039 3954 parum
1069 3874 1227 3938 convenit:

161 3984 254 4056 μέλας
277 3979 371 4063 Ἄρης
402 3973 508 4040 »Mars
537 3981 605 4040 ater
633 3975 663 4040 h.
694 3994 721 4040 e.
751 3974 903 4056 funestus,
935 3977 1087 4043 exitialis«
1119 3977 1229 4044 ecdem

162 4079 287 4146 omnmo
311 4077 537 4160 significatione
560 4079 678 4144 dictum
700 4085 833 4161 apparet
856 4097 917 4160 qua
938 4081 1047 4162 paucis
1071 4087 1145 4146 aute
1160 4097 1228 4145 rer·

163 4180 250 4248 sibus
287 4180 618 4270 πατρόθεν-ἀλάστωρ,
658 4202 718 4265 qua
747 4183 829 4266 ’Ἄτη
858 4182 908 4247 Vel
940 4186 1053 4271 Ἐρινύς
1084 4184 1169 4251 velut
1196 4184 1229 4249 in

161 4280 245 4366 Sept.
278 4285 349 4352 956.
386 4289 447 4350 972
477 4286 592 4370 Ἐρινός
626 4295 769 4368 (addaram
808 4285 925 4352 ibidem
963 4291 1025 4352 680
1057 4289 1229 4370 praecerpi,-

650 4399 657 4408 “
1033 4397 1053 4456 4
