2884 4660
461 337 856 482 .‘*4'‘'

232 580 344 665 quibus
373 577 503 645 honoris
534 595 628 645 causa
655 577 859 644 Karstenium
893 576 1102 660 Hartungium
1132 577 1291 661 lingarum

194 747 203 776 ,
231 685 310 752 Lud.
334 683 511 768 Kayserum
543 679 742 748 Dindorfium
775 680 1071 748 Raucbeusteinium
1099 681 1225 746 nomino
1252 679 1292 746 ad

231 786 475 873 Agamemnonis
507 785 757 853 emendationem
788 783 1002 865 contulerunt,
1035 803 1072 850 ea
1099 785 1132 849 in
1161 782 1292 866 singulis

119 885 1292 975 *mmmmmmmfflm

233 995 318 1063 bitur
350 1012 449 1078 eaque
485 1011 546 1075 qua
576 1009 634 1076 par
666 996 716 1059 est
748 991 856 1059 habita
893 993 1015 1058 ratione
1049 992 1292 1074 perpendentur.

233 1115 343 1166 uarum
373 1097 459 1163 nulla
487 1097 528 1164 sit
555 1096 646 1163 nobis
676 1095 837 1162 altercatio
865 1114 935 1162 cum
959 1115 996 1162 eo
1017 1094 1097 1160 libro
1120 1095 1173 1177 qai
1195 1094 1292 1164 Heur.

234 1201 346 1269 Weilio
368 1205 497 1267 auctore
514 1199 645 1266 Giessae
667 1199 848 1280 nuperrime
871 1199 903 1263 in
925 1199 1026 1266 lucem
1048 1198 1164 1280 prodiit
1184 1198 1217 1264 iu
1232 1216 1293 1280 quo

233 1307 370 1373 viriste
404 1305 602 1394 doctissimas
631 1304 777 1387 Aeschyli
809 1303 965 1370 mactandi
997 1303 1081 1368 uiam
1115 1301 1186 1368 iniit
1213 1319 1293 1384 quae

234 1411 317 1477 ultra
339 1428 409 1477 earn
431 1427 524 1491 quarn
548 1408 668 1474 cautius
700 1426 758 1474 nos
779 1407 812 1472 in
836 1407 1008 1474 exercenda
1029 1409 1097 1472 arte
1120 1405 1227 1471 critica
1248 1405 1292 1470 in·

235 1515 382 1582 sistemus
404 1515 512 1578 evecta
533 1509 718 1594 longiusque
739 1510 778 1577 ab
802 1529 840 1577 ea
860 1515 981 1576 remota
1001 1509 1152 1575 videatur.

756 1959 781 2032 I.

341 2233 387 2298 Ae
413 2233 550 2315 Primum
580 2233 704 2315 quidem
732 2235 884 2315 pristinae
905 2234 1148 2319 Agamemnonis
1170 2231 1297 2315 integri-

237 2337 297 2404 tati
318 2354 381 2402 non
404 2338 485 2420 male
507 2356 559 2405 me
581 2337 775 2404 consuluisse
796 2343 886 2421 puto,
919 2339 946 2405 si
967 2357 1076 2404 versas
1099 2338 1230 2420 aliquot,
1262 2342 1298 2402 ut

237 2442 291 2523 qui
313 2445 369 2506 aut
389 2457 452 2506 non
475 2441 539 2507 sint
559 2441 653 2524 hujus
665 2439 789 2508 fabulae
803 2445 858 2508 aut
874 2443 999 2508 omnino
1013 2461 1075 2508 non
1090 2442 1129 2507 ab
1144 2441 1299 2524 Aeschylo
1424 2521 1425 2534 χ

236 2541 384 2625 proiecti,
407 2543 631 2628 expungendos
653 2544 725 2611 hinc
747 2545 891 2612 docuero.

340 2645 431 2724 Quod
461 2647 492 2712 iu
524 2647 728 2714 insiticiarum
759 2649 895 2729 partium
927 2663 1025 2729 genus
1056 2646 1152 2711 verba
1182 2648 1298 2735 tropeo

238 2747 316 2837 ἱερῶν
337 2745 504 2813 referenda
526 2765 638 2814 censeo
652 2768 679 2813 u.
694 2753 743 2813 70.
766 2747 811 2814 sic
834 2748 917 2812 enim
939 2745 1027 2812 libri:
1050 2746 1115 2816 οὔθ’
1131 2745 1298 2816 inormior

237 2851 334 2935 (quod
355 2849 521 2916 manifesto
549 2857 731 2933 corruptum
753 2852 915 2919 uerissima
946 2852 1009 2918 ianr
1038 2851 1216 2917 emendavit
1239 2851 1298 2917 Oa-

237 2955 395 3022 saubonlls
425 2953 571 3024 bromlee
598 2958 770 3043 corrigens)
800 2958 866 3025 οὔθ’
891 2957 1055 3041 ὑπολείβων
1077 2957 1142 3024 οὔτε
1170 2956 1298 3045 ὃακρὺων

237 3059 355 3148 diripera
364 3060 444 3149 ἱερῶν
454 3063 657 3149 tparanete
667 3062 862 3151 παραθέλξει.
882 3061 1202 3151 aiquiverbacirrr'rpoo
1219 3060 1299 3149 ἰερῶν

238 3168 354 3245 quanto
377 3166 446 3247 quis
470 3167 586 3235 diutius
609 3168 817 3235 considerabit
839 3173 927 3235 tanto
950 3168 1052 3234 minus
1079 3165 1240 3234 intellectu
1261 3183 1300 3229 ea

134 3347 137 3358 .
239 3287 345 3336 carere
368 3269 566 3337 infitiabitur:
588 3291 690 3354 neque
712 3272 853 3354 proiecto
871 3277 977 3356 potest
998 3273 1089 3338 aliter
1111 3287 1204 3353 quam
1227 3286 1299 3333 con-

237 3378 322 3441 torta
351 3375 485 3457 quadam
512 3377 769 3459 interpretatione
800 3378 903 3460 aliqua
932 3379 971 3444 iis
1000 3395 1077 3444 sana
1102 3373 1230 3441 attribui
1250 3374 1298 3439 vis

238 3483 293 3544 aut
313 3478 480 3560 perspicua
511 3497 581 3545 cum
609 3481 723 3547 ceteris
752 3482 935 3548 coniunctio.
981 3479 1026 3544 nil
1054 3479 1137 3543 enim
1167 3475 1298 3543 subsidii

237 3581 310 3649 huic
332 3583 458 3664 quidam
486 3582 556 3650 loco
585 3585 625 3651 ab
654 3585 802 3669 Hesychii
832 3586 1019 3670 glossemate
1047 3581 1101 3648 illo
1128 3580 1298 3664 petendum

238 3691 288 3754 est
311 3687 589 3775 »inipso-iiim«
612 3693 645 3755 et
665 3690 811 3757 universa
833 3709 913 3773 quae
939 3687 1013 3753 inde
1035 3683 1228 3752 concluditur
1250 3703 1299 3748 ar-

238 3791 431 3873 gumentatio
459 3792 583 3860 recidat
620 3797 652 3858 et
688 3793 848 3860 claudicat.
886 3792 1033 3875 quocirca
1061 3790 1087 3857 si
1114 3793 1222 3872 aperte
1252 3787 1298 3854 vis

238 3894 389 3975 iudicare,
428 3895 490 3961 duo
526 3895 581 3962 illa
612 3897 709 3963 verba
742 3898 775 3962 in
811 3896 1061 3979 interpolationis
1093 3893 1298 3974 suspitionem

213 4016 333 4096 'quam
359 3999 493 4066 maxime
522 4018 615 4068 voces
647 4007 679 4068 et
701 4022 721 4067 a
742 4006 836 4083 poeta
865 4000 1024 4066 abiudices
1054 4001 1178 4078 oportet
1209 3993 1299 4077 euius

240 4101 365 4184 quidem
388 4101 638 4186 interpolationis
661 4093 812 4187 originem
835 4103 863 4170 si
886 4102 1018 4184 quaeris,
1040 4097 1214 4165 itaiactum
1229 4115 1299 4164 esse

239 4207 306 4274 veri
342 4205 535 4275 simillimum
569 4208 710 4291 videtur,
741 4213 776 4276 ut
813 4209 854 4275 ad
885 4205 1120 4288 interpretanda
1148 4201 1299 4269 vocabula

237 4309 404 4396 ὑπολείβων
426 4316 459 4377 et
480 4312 610 4403 iareim
631 4314 665 4380 in
678 4313 842 4382 vetustiori
859 4311 940 4378 libro
958 4309 1062 4393 glossa
1083 4311 1199 4394 »drapo
1218 4304 1297 4390 topi«

143 4607 148 4616 '
270 4611 361 4636 Α
